from/to,bid,ask,min_bid,max_bid,time
EUR/USD,1.0419,1.0421,1.0401,1.0462,	2025-02-19 22:01:06
USD/JPY,151.63,151.65,151.25,152.32,	2025-02-19 22:01:06
GBP/USD,1.2573,1.2575,1.2563,1.2641,	2025-02-19 22:01:06
USD/TRY,36.2921,36.3015,36.2655,36.3131,	2025-02-19 22:01:06
USD/CHF,0.9041,0.9042,0.9024,0.9055,	2025-02-19 22:01:06
USD/CAD,1.4240,1.4241,1.4176,1.4246,	2025-02-19 22:01:06
EUR/JPY,158.01,158.03,157.71,159.13,	2025-02-19 22:01:06
AUD/USD,0.6344,0.6345,0.6337,0.6371,	2025-02-19 22:01:06
NZD/USD,0.5700,0.5701,0.5678,0.5732,	2025-02-19 22:01:06
EUR/GBP,0.8286,0.8287,0.8267,0.8290,	2025-02-19 22:01:06
EUR/CHF,0.9420,0.9423,0.9413,0.9455,	2025-02-19 22:01:06
AUD/JPY,96.17,96.21,96.00,96.77,	2025-02-19 22:01:06
GBP/JPY,190.66,190.69,190.46,192.18,	2025-02-19 22:01:06
CHF/JPY,167.70,167.72,167.45,168.50,	2025-02-19 22:01:06
EUR/CAD,1.4835,1.4837,1.4801,1.4838,	2025-02-19 22:01:06
AUD/CAD,0.9031,0.9034,0.9003,0.9042,	2025-02-19 22:01:06
CAD/JPY,106.48,106.51,106.45,107.35,	2025-02-19 22:01:06
NZD/JPY,86.40,86.44,86.17,87.03,	2025-02-19 22:01:06
AUD/NZD,1.1127,1.1130,1.1104,1.1175,	2025-02-19 22:01:06
GBP/AUD,1.9822,1.9825,1.9799,1.9891,	2025-02-19 22:01:06
EUR/AUD,1.6427,1.6430,1.6399,1.6465,	2025-02-19 22:01:06
GBP/CHF,1.1368,1.1370,1.1357,1.1424,	2025-02-19 22:01:06
EUR/NZD,1.8279,1.8282,1.8216,1.8395,	2025-02-19 22:01:06
AUD/CHF,0.5733,0.5737,0.5726,0.5758,	2025-02-19 22:01:06
GBP/NZD,2.2055,2.2060,2.2012,2.2211,	2025-02-19 22:01:06
USD/INR,86.814,86.929,86.783,86.997,	2025-02-19 22:01:06
USD/CNY,7.2833,7.2842,7.2796,7.2838,	2025-02-19 22:01:06
USD/SGD,1.3418,1.3442,1.3408,1.3439,	2025-02-19 22:01:06
USD/HKD,7.7760,7.7791,7.7722,7.7779,	2025-02-19 22:01:06
USD/DKK,7.1577,7.1598,7.1298,7.1712,	2025-02-19 22:01:06
GBP/CAD,1.7904,1.7907,1.7866,1.7941,	2025-02-19 22:01:06
USD/SEK,10.7218,10.7418,10.6912,10.7597,	2025-02-19 22:01:06
USD/ILS,3.5435,3.5469,3.5355,3.5537,	2025-02-19 22:01:06
USD/RUB,89.6203,89.6289,88.7810,91.5664,	2025-02-19 22:01:06
USD/MXN,20.4538,20.4603,20.2010,20.4754,	2025-02-19 22:01:06
USD/ZAR,18.5532,18.5707,18.3326,18.5938,	2025-02-19 22:01:06
CAD/CHF,0.6349,0.6350,0.6349,0.6378,	2025-02-19 22:01:06
NZD/CAD,0.8115,0.8118,0.8061,0.8132,	2025-02-19 22:01:06
NZD/CHF,0.5152,0.5154,0.5132,0.5185,	2025-02-19 22:01:06
BTC/USD,"95,854.0","95,855.0","93,569.0","96,885.0",	2025-02-19 22:01:06
BTC/EUR,"91,770.0","91,770.1","90,927.9","92,667.8",	2025-02-19 22:01:06
ETH/USD,"2,696.70","2,696.71","2,613.79","2,736.70",	2025-02-19 22:01:06
from/to,bid,ask,min_bid,max_bid,time
EUR/USD,1.0420,1.0421,1.0401,1.0462,	2025-02-19 22:01:27
USD/JPY,151.64,151.65,151.25,152.32,	2025-02-19 22:01:27
GBP/USD,1.2572,1.2574,1.2563,1.2641,	2025-02-19 22:01:27
USD/TRY,36.2921,36.3026,36.2655,36.3131,	2025-02-19 22:01:27
USD/CHF,0.9040,0.9042,0.9024,0.9055,	2025-02-19 22:01:27
USD/CAD,1.4241,1.4242,1.4176,1.4246,	2025-02-19 22:01:27
EUR/JPY,158.02,158.04,157.71,159.13,	2025-02-19 22:01:27
AUD/USD,0.6343,0.6344,0.6337,0.6371,	2025-02-19 22:01:27
NZD/USD,0.5699,0.5700,0.5678,0.5732,	2025-02-19 22:01:27
EUR/GBP,0.8287,0.8288,0.8267,0.8290,	2025-02-19 22:01:27
EUR/CHF,0.9419,0.9420,0.9413,0.9455,	2025-02-19 22:01:27
AUD/JPY,96.16,96.18,96.00,96.77,	2025-02-19 22:01:27
GBP/JPY,190.66,190.69,190.46,192.18,	2025-02-19 22:01:27
CHF/JPY,167.73,167.75,167.45,168.50,	2025-02-19 22:01:27
EUR/CAD,1.4838,1.4841,1.4801,1.4840,	2025-02-19 22:01:27
AUD/CAD,0.9031,0.9033,0.9003,0.9042,	2025-02-19 22:01:27
CAD/JPY,106.48,106.50,106.45,107.35,	2025-02-19 22:01:27
NZD/JPY,86.38,86.40,86.17,87.03,	2025-02-19 22:01:27
AUD/NZD,1.1125,1.1129,1.1104,1.1175,	2025-02-19 22:01:27
GBP/AUD,1.9823,1.9827,1.9799,1.9891,	2025-02-19 22:01:27
EUR/AUD,1.6430,1.6433,1.6399,1.6465,	2025-02-19 22:01:27
GBP/CHF,1.1364,1.1366,1.1357,1.1424,	2025-02-19 22:01:27
EUR/NZD,1.8281,1.8285,1.8216,1.8395,	2025-02-19 22:01:27
AUD/CHF,0.5731,0.5734,0.5726,0.5758,	2025-02-19 22:01:27
GBP/NZD,2.2055,2.2062,2.2012,2.2211,	2025-02-19 22:01:27
USD/INR,86.806,86.921,86.783,86.997,	2025-02-19 22:01:27
USD/CNY,7.2833,7.2842,7.2796,7.2838,	2025-02-19 22:01:27
USD/SGD,1.3429,1.3433,1.3408,1.3439,	2025-02-19 22:01:27
USD/HKD,7.7761,7.7791,7.7722,7.7779,	2025-02-19 22:01:27
USD/DKK,7.1557,7.1597,7.1298,7.1712,	2025-02-19 22:01:27
GBP/CAD,1.7904,1.7907,1.7866,1.7941,	2025-02-19 22:01:27
USD/SEK,10.7281,10.7341,10.6912,10.7597,	2025-02-19 22:01:27
USD/ILS,3.5435,3.5469,3.5355,3.5537,	2025-02-19 22:01:27
USD/RUB,89.6233,89.6320,88.7810,91.5664,	2025-02-19 22:01:27
USD/MXN,20.4602,20.4667,20.2010,20.4793,	2025-02-19 22:01:27
USD/ZAR,18.5592,18.5692,18.3326,18.5938,	2025-02-19 22:01:27
CAD/CHF,0.6347,0.6348,0.6347,0.6378,	2025-02-19 22:01:27
NZD/CAD,0.8115,0.8117,0.8061,0.8132,	2025-02-19 22:01:27
NZD/CHF,0.5149,0.5153,0.5132,0.5185,	2025-02-19 22:01:27
BTC/USD,"95,805.0","95,806.0","93,633.0","96,885.0",	2025-02-19 22:01:27
BTC/EUR,"91,679.3","91,679.4","90,927.9","92,667.8",	2025-02-19 22:01:27
ETH/USD,"2,696.12","2,696.13","2,613.79","2,736.70",	2025-02-19 22:01:27
from/to,bid,ask,min_bid,max_bid,time
EUR/USD,1.0419,1.0421,1.0401,1.0462,	2025-02-19 22:01:32
USD/JPY,151.64,151.65,151.25,152.32,	2025-02-19 22:01:32
GBP/USD,1.2574,1.2576,1.2563,1.2641,	2025-02-19 22:01:32
USD/TRY,36.2921,36.3013,36.2655,36.3131,	2025-02-19 22:01:32
USD/CHF,0.9041,0.9043,0.9024,0.9055,	2025-02-19 22:01:32
USD/CAD,1.4239,1.4241,1.4176,1.4246,	2025-02-19 22:01:32
EUR/JPY,157.98,157.99,157.71,159.13,	2025-02-19 22:01:32
AUD/USD,0.6344,0.6345,0.6337,0.6371,	2025-02-19 22:01:32
NZD/USD,0.5700,0.5701,0.5678,0.5732,	2025-02-19 22:01:32
EUR/GBP,0.8284,0.8286,0.8267,0.8290,	2025-02-19 22:01:32
EUR/CHF,0.9420,0.9422,0.9413,0.9455,	2025-02-19 22:01:32
AUD/JPY,96.18,96.20,96.00,96.77,	2025-02-19 22:01:32
GBP/JPY,190.66,190.69,190.46,192.18,	2025-02-19 22:01:32
CHF/JPY,167.69,167.72,167.45,168.50,	2025-02-19 22:01:32
EUR/CAD,1.4835,1.4837,1.4801,1.4838,	2025-02-19 22:01:32
AUD/CAD,0.9033,0.9035,0.9003,0.9042,	2025-02-19 22:01:32
CAD/JPY,106.48,106.50,106.45,107.35,	2025-02-19 22:01:32
NZD/JPY,86.39,86.44,86.17,87.03,	2025-02-19 22:01:32
AUD/NZD,1.1126,1.1130,1.1104,1.1175,	2025-02-19 22:01:32
GBP/AUD,1.9818,1.9822,1.9799,1.9891,	2025-02-19 22:01:32
EUR/AUD,1.6421,1.6424,1.6399,1.6465,	2025-02-19 22:01:32
GBP/CHF,1.1369,1.1371,1.1357,1.1424,	2025-02-19 22:01:32
EUR/NZD,1.8276,1.8279,1.8216,1.8395,	2025-02-19 22:01:32
AUD/CHF,0.5734,0.5737,0.5726,0.5758,	2025-02-19 22:01:32
GBP/NZD,2.2054,2.2058,2.2012,2.2211,	2025-02-19 22:01:32
USD/INR,86.818,86.930,86.783,86.997,	2025-02-19 22:01:32
USD/CNY,7.2833,7.2842,7.2796,7.2838,	2025-02-19 22:01:32
USD/SGD,1.3428,1.3432,1.3408,1.3439,	2025-02-19 22:01:32
USD/HKD,7.7776,7.7777,7.7722,7.7779,	2025-02-19 22:01:32
USD/DKK,7.1578,7.1591,7.1298,7.1712,	2025-02-19 22:01:32
GBP/CAD,1.7904,1.7907,1.7866,1.7941,	2025-02-19 22:01:32
USD/SEK,10.7216,10.7416,10.6912,10.7597,	2025-02-19 22:01:32
USD/ILS,3.5443,3.5483,3.5355,3.5537,	2025-02-19 22:01:32
USD/RUB,89.6242,89.6328,88.7810,91.5664,	2025-02-19 22:01:32
USD/MXN,20.4295,20.4360,20.2010,20.4680,	2025-02-19 22:01:32
USD/ZAR,18.5573,18.5673,18.3326,18.5938,	2025-02-19 22:01:32
CAD/CHF,0.6348,0.6351,0.6349,0.6378,	2025-02-19 22:01:32
NZD/CAD,0.8114,0.8118,0.8061,0.8132,	2025-02-19 22:01:32
NZD/CHF,0.5152,0.5154,0.5132,0.5185,	2025-02-19 22:01:32
BTC/USD,"95,854.0","95,856.0","93,569.0","96,885.0",	2025-02-19 22:01:32
BTC/EUR,"91,773.9","91,774.0","90,927.9","92,667.8",	2025-02-19 22:01:32
ETH/USD,"2,699.72","2,699.73","2,613.79","2,736.70",	2025-02-19 22:01:32
from/to,bid,ask,min_bid,max_bid,time
EUR/USD,1.0420,1.0421,1.0401,1.0462,	2025-02-19 22:01:36
USD/JPY,151.64,151.65,151.25,152.32,	2025-02-19 22:01:36
GBP/USD,1.2572,1.2574,1.2563,1.2641,	2025-02-19 22:01:36
USD/TRY,36.2921,36.3026,36.2655,36.3131,	2025-02-19 22:01:36
USD/CHF,0.9040,0.9042,0.9024,0.9055,	2025-02-19 22:01:36
USD/CAD,1.4241,1.4242,1.4176,1.4246,	2025-02-19 22:01:36
EUR/JPY,158.02,158.04,157.71,159.13,	2025-02-19 22:01:36
AUD/USD,0.6343,0.6344,0.6337,0.6371,	2025-02-19 22:01:36
NZD/USD,0.5699,0.5700,0.5678,0.5732,	2025-02-19 22:01:36
EUR/GBP,0.8287,0.8288,0.8267,0.8290,	2025-02-19 22:01:36
EUR/CHF,0.9419,0.9420,0.9413,0.9455,	2025-02-19 22:01:36
AUD/JPY,96.16,96.18,96.00,96.77,	2025-02-19 22:01:36
GBP/JPY,190.66,190.69,190.46,192.18,	2025-02-19 22:01:36
CHF/JPY,167.73,167.75,167.45,168.50,	2025-02-19 22:01:36
EUR/CAD,1.4838,1.4841,1.4801,1.4840,	2025-02-19 22:01:36
AUD/CAD,0.9031,0.9033,0.9003,0.9042,	2025-02-19 22:01:36
CAD/JPY,106.48,106.50,106.45,107.35,	2025-02-19 22:01:36
NZD/JPY,86.38,86.40,86.17,87.03,	2025-02-19 22:01:36
AUD/NZD,1.1125,1.1129,1.1104,1.1175,	2025-02-19 22:01:36
GBP/AUD,1.9823,1.9827,1.9799,1.9891,	2025-02-19 22:01:36
EUR/AUD,1.6430,1.6433,1.6399,1.6465,	2025-02-19 22:01:36
GBP/CHF,1.1364,1.1366,1.1357,1.1424,	2025-02-19 22:01:36
EUR/NZD,1.8281,1.8285,1.8216,1.8395,	2025-02-19 22:01:36
AUD/CHF,0.5731,0.5734,0.5726,0.5758,	2025-02-19 22:01:36
GBP/NZD,2.2055,2.2062,2.2012,2.2211,	2025-02-19 22:01:36
USD/INR,86.806,86.921,86.783,86.997,	2025-02-19 22:01:36
USD/CNY,7.2833,7.2842,7.2796,7.2838,	2025-02-19 22:01:36
USD/SGD,1.3429,1.3433,1.3408,1.3439,	2025-02-19 22:01:36
USD/HKD,7.7761,7.7791,7.7722,7.7779,	2025-02-19 22:01:36
USD/DKK,7.1557,7.1597,7.1298,7.1712,	2025-02-19 22:01:36
GBP/CAD,1.7904,1.7907,1.7866,1.7941,	2025-02-19 22:01:36
USD/SEK,10.7281,10.7341,10.6912,10.7597,	2025-02-19 22:01:36
USD/ILS,3.5435,3.5469,3.5355,3.5537,	2025-02-19 22:01:36
USD/RUB,89.6233,89.6320,88.7810,91.5664,	2025-02-19 22:01:36
USD/MXN,20.4602,20.4667,20.2010,20.4793,	2025-02-19 22:01:36
USD/ZAR,18.5592,18.5692,18.3326,18.5938,	2025-02-19 22:01:36
CAD/CHF,0.6347,0.6348,0.6347,0.6378,	2025-02-19 22:01:36
NZD/CAD,0.8115,0.8117,0.8061,0.8132,	2025-02-19 22:01:36
NZD/CHF,0.5149,0.5153,0.5132,0.5185,	2025-02-19 22:01:36
BTC/USD,"95,805.0","95,806.0","93,633.0","96,885.0",	2025-02-19 22:01:36
BTC/EUR,"91,679.3","91,679.4","90,927.9","92,667.8",	2025-02-19 22:01:36
ETH/USD,"2,696.12","2,696.13","2,613.79","2,736.70",	2025-02-19 22:01:36
from/to,bid,ask,min_bid,max_bid,time
EUR/USD,1.0419,1.0421,1.0401,1.0462,	2025-02-19 22:01:40
USD/JPY,151.64,151.65,151.25,152.32,	2025-02-19 22:01:40
GBP/USD,1.2574,1.2576,1.2563,1.2641,	2025-02-19 22:01:40
USD/TRY,36.2921,36.3013,36.2655,36.3131,	2025-02-19 22:01:40
USD/CHF,0.9041,0.9043,0.9024,0.9055,	2025-02-19 22:01:40
USD/CAD,1.4239,1.4241,1.4176,1.4246,	2025-02-19 22:01:40
EUR/JPY,157.98,157.99,157.71,159.13,	2025-02-19 22:01:40
AUD/USD,0.6344,0.6345,0.6337,0.6371,	2025-02-19 22:01:40
NZD/USD,0.5700,0.5701,0.5678,0.5732,	2025-02-19 22:01:40
EUR/GBP,0.8284,0.8286,0.8267,0.8290,	2025-02-19 22:01:40
EUR/CHF,0.9420,0.9422,0.9413,0.9455,	2025-02-19 22:01:40
AUD/JPY,96.18,96.20,96.00,96.77,	2025-02-19 22:01:40
GBP/JPY,190.66,190.69,190.46,192.18,	2025-02-19 22:01:40
CHF/JPY,167.69,167.72,167.45,168.50,	2025-02-19 22:01:40
EUR/CAD,1.4835,1.4837,1.4801,1.4838,	2025-02-19 22:01:40
AUD/CAD,0.9033,0.9035,0.9003,0.9042,	2025-02-19 22:01:40
CAD/JPY,106.48,106.50,106.45,107.35,	2025-02-19 22:01:40
NZD/JPY,86.39,86.44,86.17,87.03,	2025-02-19 22:01:40
AUD/NZD,1.1126,1.1130,1.1104,1.1175,	2025-02-19 22:01:40
GBP/AUD,1.9818,1.9822,1.9799,1.9891,	2025-02-19 22:01:40
EUR/AUD,1.6421,1.6424,1.6399,1.6465,	2025-02-19 22:01:40
GBP/CHF,1.1369,1.1371,1.1357,1.1424,	2025-02-19 22:01:40
EUR/NZD,1.8276,1.8279,1.8216,1.8395,	2025-02-19 22:01:40
AUD/CHF,0.5734,0.5737,0.5726,0.5758,	2025-02-19 22:01:40
GBP/NZD,2.2054,2.2058,2.2012,2.2211,	2025-02-19 22:01:40
USD/INR,86.818,86.930,86.783,86.997,	2025-02-19 22:01:40
USD/CNY,7.2833,7.2842,7.2796,7.2838,	2025-02-19 22:01:40
USD/SGD,1.3428,1.3432,1.3408,1.3439,	2025-02-19 22:01:40
USD/HKD,7.7776,7.7777,7.7722,7.7779,	2025-02-19 22:01:40
USD/DKK,7.1578,7.1591,7.1298,7.1712,	2025-02-19 22:01:40
GBP/CAD,1.7904,1.7907,1.7866,1.7941,	2025-02-19 22:01:40
USD/SEK,10.7216,10.7416,10.6912,10.7597,	2025-02-19 22:01:40
USD/ILS,3.5443,3.5483,3.5355,3.5537,	2025-02-19 22:01:40
USD/RUB,89.6242,89.6328,88.7810,91.5664,	2025-02-19 22:01:40
USD/MXN,20.4295,20.4360,20.2010,20.4680,	2025-02-19 22:01:40
USD/ZAR,18.5573,18.5673,18.3326,18.5938,	2025-02-19 22:01:40
CAD/CHF,0.6348,0.6351,0.6349,0.6378,	2025-02-19 22:01:40
NZD/CAD,0.8114,0.8118,0.8061,0.8132,	2025-02-19 22:01:40
NZD/CHF,0.5152,0.5154,0.5132,0.5185,	2025-02-19 22:01:40
BTC/USD,"95,854.0","95,856.0","93,569.0","96,885.0",	2025-02-19 22:01:40
BTC/EUR,"91,773.9","91,774.0","90,927.9","92,667.8",	2025-02-19 22:01:40
ETH/USD,"2,699.72","2,699.73","2,613.79","2,736.70",	2025-02-19 22:01:40
from/to,bid,ask,min_bid,max_bid,time
EUR/USD,1.0418,1.0420,1.0401,1.0462,	2025-02-19 22:01:42
USD/JPY,151.68,151.69,151.25,152.32,	2025-02-19 22:01:42
GBP/USD,1.2574,1.2576,1.2563,1.2641,	2025-02-19 22:01:42
USD/TRY,36.2920,36.3009,36.2655,36.3131,	2025-02-19 22:01:42
USD/CHF,0.9040,0.9042,0.9024,0.9055,	2025-02-19 22:01:42
USD/CAD,1.4236,1.4238,1.4176,1.4246,	2025-02-19 22:01:42
EUR/JPY,158.04,158.06,157.71,159.13,	2025-02-19 22:01:42
AUD/USD,0.6343,0.6345,0.6337,0.6371,	2025-02-19 22:01:42
NZD/USD,0.5701,0.5702,0.5678,0.5732,	2025-02-19 22:01:42
EUR/GBP,0.8284,0.8286,0.8267,0.8290,	2025-02-19 22:01:42
EUR/CHF,0.9418,0.9420,0.9413,0.9455,	2025-02-19 22:01:42
AUD/JPY,96.22,96.26,96.00,96.77,	2025-02-19 22:01:42
GBP/JPY,190.74,190.77,190.46,192.18,	2025-02-19 22:01:42
CHF/JPY,167.78,167.81,167.45,168.50,	2025-02-19 22:01:42
EUR/CAD,1.4833,1.4835,1.4801,1.4837,	2025-02-19 22:01:42
AUD/CAD,0.9031,0.9033,0.9003,0.9042,	2025-02-19 22:01:42
CAD/JPY,106.54,106.57,106.45,107.35,	2025-02-19 22:01:42
NZD/JPY,86.43,86.47,86.17,87.03,	2025-02-19 22:01:42
AUD/NZD,1.1126,1.1130,1.1104,1.1175,	2025-02-19 22:01:42
GBP/AUD,1.9821,1.9824,1.9799,1.9891,	2025-02-19 22:01:42
EUR/AUD,1.6422,1.6424,1.6399,1.6465,	2025-02-19 22:01:42
GBP/CHF,1.1368,1.1370,1.1357,1.1424,	2025-02-19 22:01:42
EUR/NZD,1.8275,1.8279,1.8216,1.8395,	2025-02-19 22:01:42
AUD/CHF,0.5735,0.5736,0.5726,0.5758,	2025-02-19 22:01:42
GBP/NZD,2.2052,2.2060,2.2012,2.2211,	2025-02-19 22:01:42
USD/INR,86.814,86.926,86.783,86.997,	2025-02-19 22:01:42
USD/CNY,7.2833,7.2842,7.2796,7.2838,	2025-02-19 22:01:42
USD/SGD,1.3418,1.3442,1.3408,1.3439,	2025-02-19 22:01:42
USD/HKD,7.7776,7.7777,7.7722,7.7779,	2025-02-19 22:01:42
USD/DKK,7.1578,7.1591,7.1298,7.1712,	2025-02-19 22:01:42
GBP/CAD,1.7902,1.7905,1.7866,1.7941,	2025-02-19 22:01:42
USD/SEK,10.7196,10.7396,10.6912,10.7597,	2025-02-19 22:01:42
USD/ILS,3.5430,3.5467,3.5355,3.5537,	2025-02-19 22:01:42
USD/RUB,89.6194,89.6280,88.7810,91.5664,	2025-02-19 22:01:42
USD/MXN,20.4210,20.4275,20.2010,20.4680,	2025-02-19 22:01:42
USD/ZAR,18.5496,18.5596,18.3326,18.5938,	2025-02-19 22:01:42
CAD/CHF,0.6348,0.6351,0.6350,0.6378,	2025-02-19 22:01:42
NZD/CAD,0.8114,0.8118,0.8061,0.8132,	2025-02-19 22:01:42
NZD/CHF,0.5152,0.5154,0.5132,0.5185,	2025-02-19 22:01:42
BTC/USD,"96,085.0","96,086.0","93,569.0","96,885.0",	2025-02-19 22:01:42
BTC/EUR,"91,949.5","91,949.6","90,927.9","92,667.8",	2025-02-19 22:01:42
ETH/USD,"2,708.20","2,708.21","2,613.79","2,736.70",	2025-02-19 22:01:42
from/to,bid,ask,min_bid,max_bid,time
EUR/USD,1.0420,1.0421,1.0401,1.0462,	2025-02-19 22:01:45
USD/JPY,151.64,151.65,151.25,152.32,	2025-02-19 22:01:45
GBP/USD,1.2572,1.2574,1.2563,1.2641,	2025-02-19 22:01:45
USD/TRY,36.2921,36.3026,36.2655,36.3131,	2025-02-19 22:01:45
USD/CHF,0.9040,0.9042,0.9024,0.9055,	2025-02-19 22:01:45
USD/CAD,1.4241,1.4242,1.4176,1.4246,	2025-02-19 22:01:45
EUR/JPY,158.02,158.04,157.71,159.13,	2025-02-19 22:01:45
AUD/USD,0.6343,0.6344,0.6337,0.6371,	2025-02-19 22:01:45
NZD/USD,0.5699,0.5700,0.5678,0.5732,	2025-02-19 22:01:45
EUR/GBP,0.8287,0.8288,0.8267,0.8290,	2025-02-19 22:01:45
EUR/CHF,0.9419,0.9420,0.9413,0.9455,	2025-02-19 22:01:45
AUD/JPY,96.16,96.18,96.00,96.77,	2025-02-19 22:01:45
GBP/JPY,190.66,190.69,190.46,192.18,	2025-02-19 22:01:45
CHF/JPY,167.73,167.75,167.45,168.50,	2025-02-19 22:01:45
EUR/CAD,1.4838,1.4841,1.4801,1.4840,	2025-02-19 22:01:45
AUD/CAD,0.9031,0.9033,0.9003,0.9042,	2025-02-19 22:01:45
CAD/JPY,106.48,106.50,106.45,107.35,	2025-02-19 22:01:45
NZD/JPY,86.38,86.40,86.17,87.03,	2025-02-19 22:01:45
AUD/NZD,1.1125,1.1129,1.1104,1.1175,	2025-02-19 22:01:45
GBP/AUD,1.9823,1.9827,1.9799,1.9891,	2025-02-19 22:01:45
EUR/AUD,1.6430,1.6433,1.6399,1.6465,	2025-02-19 22:01:45
GBP/CHF,1.1364,1.1366,1.1357,1.1424,	2025-02-19 22:01:45
EUR/NZD,1.8281,1.8285,1.8216,1.8395,	2025-02-19 22:01:45
AUD/CHF,0.5731,0.5734,0.5726,0.5758,	2025-02-19 22:01:45
GBP/NZD,2.2055,2.2062,2.2012,2.2211,	2025-02-19 22:01:45
USD/INR,86.806,86.921,86.783,86.997,	2025-02-19 22:01:45
USD/CNY,7.2833,7.2842,7.2796,7.2838,	2025-02-19 22:01:45
USD/SGD,1.3429,1.3433,1.3408,1.3439,	2025-02-19 22:01:45
USD/HKD,7.7761,7.7791,7.7722,7.7779,	2025-02-19 22:01:45
USD/DKK,7.1557,7.1597,7.1298,7.1712,	2025-02-19 22:01:45
GBP/CAD,1.7904,1.7907,1.7866,1.7941,	2025-02-19 22:01:45
USD/SEK,10.7281,10.7341,10.6912,10.7597,	2025-02-19 22:01:45
USD/ILS,3.5435,3.5469,3.5355,3.5537,	2025-02-19 22:01:45
USD/RUB,89.6233,89.6320,88.7810,91.5664,	2025-02-19 22:01:45
USD/MXN,20.4602,20.4667,20.2010,20.4793,	2025-02-19 22:01:45
USD/ZAR,18.5592,18.5692,18.3326,18.5938,	2025-02-19 22:01:45
CAD/CHF,0.6347,0.6348,0.6347,0.6378,	2025-02-19 22:01:45
NZD/CAD,0.8115,0.8117,0.8061,0.8132,	2025-02-19 22:01:45
NZD/CHF,0.5149,0.5153,0.5132,0.5185,	2025-02-19 22:01:45
BTC/USD,"95,805.0","95,806.0","93,633.0","96,885.0",	2025-02-19 22:01:45
BTC/EUR,"91,679.3","91,679.4","90,927.9","92,667.8",	2025-02-19 22:01:45
ETH/USD,"2,696.12","2,696.13","2,613.79","2,736.70",	2025-02-19 22:01:45
from/to,bid,ask,min_bid,max_bid,time
EUR/USD,1.0419,1.0421,1.0401,1.0462,	2025-02-19 22:01:48
USD/JPY,151.64,151.66,151.25,152.32,	2025-02-19 22:01:48
GBP/USD,1.2577,1.2579,1.2563,1.2641,	2025-02-19 22:01:48
USD/TRY,36.2921,36.3013,36.2655,36.3131,	2025-02-19 22:01:48
USD/CHF,0.9041,0.9043,0.9024,0.9055,	2025-02-19 22:01:48
USD/CAD,1.4239,1.4241,1.4176,1.4246,	2025-02-19 22:01:48
EUR/JPY,158.01,158.03,157.71,159.13,	2025-02-19 22:01:48
AUD/USD,0.6344,0.6345,0.6337,0.6371,	2025-02-19 22:01:48
NZD/USD,0.5701,0.5702,0.5678,0.5732,	2025-02-19 22:01:48
EUR/GBP,0.8284,0.8285,0.8267,0.8290,	2025-02-19 22:01:48
EUR/CHF,0.9419,0.9422,0.9413,0.9455,	2025-02-19 22:01:48
AUD/JPY,96.19,96.22,96.00,96.77,	2025-02-19 22:01:48
GBP/JPY,190.73,190.76,190.46,192.18,	2025-02-19 22:01:48
CHF/JPY,167.72,167.74,167.45,168.50,	2025-02-19 22:01:48
EUR/CAD,1.4836,1.4839,1.4801,1.4838,	2025-02-19 22:01:48
AUD/CAD,0.9032,0.9035,0.9003,0.9042,	2025-02-19 22:01:48
CAD/JPY,106.49,106.52,106.45,107.35,	2025-02-19 22:01:48
NZD/JPY,86.40,86.44,86.17,87.03,	2025-02-19 22:01:48
AUD/NZD,1.1126,1.1130,1.1104,1.1175,	2025-02-19 22:01:48
GBP/AUD,1.9824,1.9828,1.9799,1.9891,	2025-02-19 22:01:48
EUR/AUD,1.6422,1.6425,1.6399,1.6465,	2025-02-19 22:01:48
GBP/CHF,1.1371,1.1374,1.1357,1.1424,	2025-02-19 22:01:48
EUR/NZD,1.8277,1.8282,1.8216,1.8395,	2025-02-19 22:01:48
AUD/CHF,0.5734,0.5738,0.5726,0.5758,	2025-02-19 22:01:48
GBP/NZD,2.2056,2.2064,2.2012,2.2211,	2025-02-19 22:01:48
USD/INR,86.818,86.930,86.783,86.997,	2025-02-19 22:01:48
USD/CNY,7.2833,7.2842,7.2796,7.2838,	2025-02-19 22:01:48
USD/SGD,1.3428,1.3432,1.3408,1.3439,	2025-02-19 22:01:48
USD/HKD,7.7776,7.7777,7.7722,7.7779,	2025-02-19 22:01:48
USD/DKK,7.1568,7.1581,7.1298,7.1712,	2025-02-19 22:01:48
GBP/CAD,1.7909,1.7912,1.7866,1.7941,	2025-02-19 22:01:48
USD/SEK,10.7195,10.7395,10.6912,10.7597,	2025-02-19 22:01:48
USD/ILS,3.5443,3.5483,3.5355,3.5537,	2025-02-19 22:01:48
USD/RUB,89.6211,89.6298,88.7810,91.5664,	2025-02-19 22:01:48
USD/MXN,20.4286,20.4468,20.2010,20.4680,	2025-02-19 22:01:48
USD/ZAR,18.5555,18.5655,18.3326,18.5938,	2025-02-19 22:01:48
CAD/CHF,0.6349,0.6351,0.6349,0.6378,	2025-02-19 22:01:48
NZD/CAD,0.8116,0.8119,0.8061,0.8132,	2025-02-19 22:01:48
NZD/CHF,0.5151,0.5155,0.5132,0.5185,	2025-02-19 22:01:48
BTC/USD,"95,882.0","95,888.0","93,569.0","96,885.0",	2025-02-19 22:01:48
BTC/EUR,"91,773.9","91,774.0","90,927.9","92,667.8",	2025-02-19 22:01:48
ETH/USD,"2,699.27","2,699.28","2,613.79","2,736.70",	2025-02-19 22:01:48
from/to,bid,ask,min_bid,max_bid,time
EUR/USD,1.0420,1.0421,1.0401,1.0462,	2025-02-19 22:01:51
USD/JPY,151.64,151.65,151.25,152.32,	2025-02-19 22:01:51
GBP/USD,1.2572,1.2574,1.2563,1.2641,	2025-02-19 22:01:51
USD/TRY,36.2921,36.3026,36.2655,36.3131,	2025-02-19 22:01:51
USD/CHF,0.9040,0.9042,0.9024,0.9055,	2025-02-19 22:01:51
USD/CAD,1.4241,1.4242,1.4176,1.4246,	2025-02-19 22:01:51
EUR/JPY,158.02,158.04,157.71,159.13,	2025-02-19 22:01:51
AUD/USD,0.6343,0.6344,0.6337,0.6371,	2025-02-19 22:01:51
NZD/USD,0.5699,0.5700,0.5678,0.5732,	2025-02-19 22:01:51
EUR/GBP,0.8287,0.8288,0.8267,0.8290,	2025-02-19 22:01:51
EUR/CHF,0.9419,0.9420,0.9413,0.9455,	2025-02-19 22:01:51
AUD/JPY,96.16,96.18,96.00,96.77,	2025-02-19 22:01:51
GBP/JPY,190.66,190.69,190.46,192.18,	2025-02-19 22:01:51
CHF/JPY,167.73,167.75,167.45,168.50,	2025-02-19 22:01:51
EUR/CAD,1.4838,1.4841,1.4801,1.4840,	2025-02-19 22:01:51
AUD/CAD,0.9031,0.9033,0.9003,0.9042,	2025-02-19 22:01:51
CAD/JPY,106.48,106.50,106.45,107.35,	2025-02-19 22:01:51
NZD/JPY,86.38,86.40,86.17,87.03,	2025-02-19 22:01:51
AUD/NZD,1.1125,1.1129,1.1104,1.1175,	2025-02-19 22:01:51
GBP/AUD,1.9823,1.9827,1.9799,1.9891,	2025-02-19 22:01:51
EUR/AUD,1.6430,1.6433,1.6399,1.6465,	2025-02-19 22:01:51
GBP/CHF,1.1364,1.1366,1.1357,1.1424,	2025-02-19 22:01:51
EUR/NZD,1.8281,1.8285,1.8216,1.8395,	2025-02-19 22:01:51
AUD/CHF,0.5731,0.5734,0.5726,0.5758,	2025-02-19 22:01:51
GBP/NZD,2.2055,2.2062,2.2012,2.2211,	2025-02-19 22:01:51
USD/INR,86.806,86.921,86.783,86.997,	2025-02-19 22:01:51
USD/CNY,7.2833,7.2842,7.2796,7.2838,	2025-02-19 22:01:51
USD/SGD,1.3429,1.3433,1.3408,1.3439,	2025-02-19 22:01:51
USD/HKD,7.7761,7.7791,7.7722,7.7779,	2025-02-19 22:01:51
USD/DKK,7.1557,7.1597,7.1298,7.1712,	2025-02-19 22:01:51
GBP/CAD,1.7904,1.7907,1.7866,1.7941,	2025-02-19 22:01:51
USD/SEK,10.7281,10.7341,10.6912,10.7597,	2025-02-19 22:01:51
USD/ILS,3.5435,3.5469,3.5355,3.5537,	2025-02-19 22:01:51
USD/RUB,89.6233,89.6320,88.7810,91.5664,	2025-02-19 22:01:51
USD/MXN,20.4602,20.4667,20.2010,20.4793,	2025-02-19 22:01:51
USD/ZAR,18.5592,18.5692,18.3326,18.5938,	2025-02-19 22:01:51
CAD/CHF,0.6347,0.6348,0.6347,0.6378,	2025-02-19 22:01:51
NZD/CAD,0.8115,0.8117,0.8061,0.8132,	2025-02-19 22:01:51
NZD/CHF,0.5149,0.5153,0.5132,0.5185,	2025-02-19 22:01:51
BTC/USD,"95,805.0","95,806.0","93,633.0","96,885.0",	2025-02-19 22:01:51
BTC/EUR,"91,679.3","91,679.4","90,927.9","92,667.8",	2025-02-19 22:01:51
ETH/USD,"2,696.12","2,696.13","2,613.79","2,736.70",	2025-02-19 22:01:51
from/to,bid,ask,min_bid,max_bid,time
EUR/USD,1.0419,1.0421,1.0401,1.0462,	2025-02-19 22:01:54
USD/JPY,151.66,151.68,151.25,152.32,	2025-02-19 22:01:54
GBP/USD,1.2575,1.2576,1.2563,1.2641,	2025-02-19 22:01:54
USD/TRY,36.2921,36.3013,36.2655,36.3131,	2025-02-19 22:01:54
USD/CHF,0.9041,0.9043,0.9024,0.9055,	2025-02-19 22:01:54
USD/CAD,1.4240,1.4242,1.4176,1.4246,	2025-02-19 22:01:54
EUR/JPY,158.02,158.03,157.71,159.13,	2025-02-19 22:01:54
AUD/USD,0.6343,0.6344,0.6337,0.6371,	2025-02-19 22:01:54
NZD/USD,0.5700,0.5702,0.5678,0.5732,	2025-02-19 22:01:54
EUR/GBP,0.8284,0.8286,0.8267,0.8290,	2025-02-19 22:01:54
EUR/CHF,0.9421,0.9422,0.9413,0.9455,	2025-02-19 22:01:54
AUD/JPY,96.21,96.23,96.00,96.77,	2025-02-19 22:01:54
GBP/JPY,190.72,190.75,190.46,192.18,	2025-02-19 22:01:54
CHF/JPY,167.73,167.75,167.45,168.50,	2025-02-19 22:01:54
EUR/CAD,1.4837,1.4840,1.4801,1.4838,	2025-02-19 22:01:54
AUD/CAD,0.9032,0.9035,0.9003,0.9042,	2025-02-19 22:01:54
CAD/JPY,106.49,106.52,106.45,107.35,	2025-02-19 22:01:54
NZD/JPY,86.42,86.44,86.17,87.03,	2025-02-19 22:01:54
AUD/NZD,1.1126,1.1128,1.1104,1.1175,	2025-02-19 22:01:54
GBP/AUD,1.9824,1.9827,1.9799,1.9891,	2025-02-19 22:01:54
EUR/AUD,1.6424,1.6427,1.6399,1.6465,	2025-02-19 22:01:54
GBP/CHF,1.1369,1.1372,1.1357,1.1424,	2025-02-19 22:01:54
EUR/NZD,1.8277,1.8280,1.8216,1.8395,	2025-02-19 22:01:54
AUD/CHF,0.5734,0.5737,0.5726,0.5758,	2025-02-19 22:01:54
GBP/NZD,2.2053,2.2060,2.2012,2.2211,	2025-02-19 22:01:54
USD/INR,86.819,86.931,86.783,86.997,	2025-02-19 22:01:54
USD/CNY,7.2833,7.2842,7.2796,7.2838,	2025-02-19 22:01:54
USD/SGD,1.3429,1.3433,1.3408,1.3439,	2025-02-19 22:01:54
USD/HKD,7.7776,7.7777,7.7722,7.7779,	2025-02-19 22:01:54
USD/DKK,7.1577,7.1590,7.1298,7.1712,	2025-02-19 22:01:54
GBP/CAD,1.7906,1.7909,1.7866,1.7941,	2025-02-19 22:01:54
USD/SEK,10.7198,10.7398,10.6912,10.7597,	2025-02-19 22:01:54
USD/ILS,3.5443,3.5483,3.5355,3.5537,	2025-02-19 22:01:54
USD/RUB,89.6203,89.6289,88.7810,91.5664,	2025-02-19 22:01:54
USD/MXN,20.4243,20.4426,20.2010,20.4680,	2025-02-19 22:01:54
USD/ZAR,18.5518,18.5693,18.3326,18.5938,	2025-02-19 22:01:54
CAD/CHF,0.6349,0.6350,0.6349,0.6378,	2025-02-19 22:01:54
NZD/CAD,0.8116,0.8119,0.8061,0.8132,	2025-02-19 22:01:54
NZD/CHF,0.5152,0.5155,0.5132,0.5185,	2025-02-19 22:01:54
BTC/USD,"95,841.0","95,842.0","93,569.0","96,885.0",	2025-02-19 22:01:54
BTC/EUR,"91,787.4","91,787.5","90,927.9","92,667.8",	2025-02-19 22:01:54
ETH/USD,"2,701.96","2,701.97","2,613.79","2,736.70",	2025-02-19 22:01:54
from/to,bid,ask,min_bid,max_bid,time
EUR/USD,1.0419,1.0419,1.0401,1.0462,	2025-02-19 22:02:01
USD/JPY,151.67,151.68,151.25,152.32,	2025-02-19 22:02:01
GBP/USD,1.2575,1.2577,1.2563,1.2641,	2025-02-19 22:02:01
USD/TRY,36.2921,36.3008,36.2655,36.3131,	2025-02-19 22:02:01
USD/CHF,0.9040,0.9042,0.9024,0.9055,	2025-02-19 22:02:01
USD/CAD,1.4237,1.4239,1.4176,1.4246,	2025-02-19 22:02:01
EUR/JPY,158.02,158.04,157.71,159.13,	2025-02-19 22:02:01
AUD/USD,0.6343,0.6344,0.6337,0.6371,	2025-02-19 22:02:01
NZD/USD,0.5699,0.5702,0.5678,0.5732,	2025-02-19 22:02:01
EUR/GBP,0.8285,0.8286,0.8267,0.8290,	2025-02-19 22:02:01
EUR/CHF,0.9418,0.9420,0.9413,0.9455,	2025-02-19 22:02:01
AUD/JPY,96.20,96.23,96.00,96.77,	2025-02-19 22:02:01
GBP/JPY,190.72,190.75,190.46,192.18,	2025-02-19 22:02:01
CHF/JPY,167.74,167.76,167.45,168.50,	2025-02-19 22:02:01
EUR/CAD,1.4834,1.4837,1.4801,1.4837,	2025-02-19 22:02:01
AUD/CAD,0.9031,0.9033,0.9003,0.9042,	2025-02-19 22:02:01
CAD/JPY,106.50,106.53,106.45,107.35,	2025-02-19 22:02:01
NZD/JPY,86.42,86.45,86.17,87.03,	2025-02-19 22:02:01
AUD/NZD,1.1126,1.1129,1.1104,1.1175,	2025-02-19 22:02:01
GBP/AUD,1.9821,1.9824,1.9799,1.9891,	2025-02-19 22:02:01
EUR/AUD,1.6422,1.6424,1.6399,1.6465,	2025-02-19 22:02:01
GBP/CHF,1.1368,1.1370,1.1357,1.1424,	2025-02-19 22:02:01
EUR/NZD,1.8275,1.8278,1.8216,1.8395,	2025-02-19 22:02:01
AUD/CHF,0.5735,0.5736,0.5726,0.5758,	2025-02-19 22:02:01
GBP/NZD,2.2054,2.2059,2.2012,2.2211,	2025-02-19 22:02:01
USD/INR,86.815,86.926,86.783,86.997,	2025-02-19 22:02:01
USD/CNY,7.2833,7.2842,7.2796,7.2838,	2025-02-19 22:02:01
USD/SGD,1.3428,1.3432,1.3408,1.3439,	2025-02-19 22:02:01
USD/HKD,7.7776,7.7777,7.7722,7.7779,	2025-02-19 22:02:01
USD/DKK,7.1565,7.1605,7.1298,7.1712,	2025-02-19 22:02:01
GBP/CAD,1.7903,1.7906,1.7866,1.7941,	2025-02-19 22:02:01
USD/SEK,10.7197,10.7398,10.6912,10.7597,	2025-02-19 22:02:01
USD/ILS,3.5430,3.5467,3.5355,3.5537,	2025-02-19 22:02:01
USD/RUB,89.6233,89.6319,88.7810,91.5664,	2025-02-19 22:02:01
USD/MXN,20.4237,20.4302,20.2010,20.4680,	2025-02-19 22:02:01
USD/ZAR,18.5498,18.5598,18.3326,18.5938,	2025-02-19 22:02:01
CAD/CHF,0.6349,0.6351,0.6349,0.6378,	2025-02-19 22:02:01
NZD/CAD,0.8116,0.8118,0.8061,0.8132,	2025-02-19 22:02:01
NZD/CHF,0.5152,0.5154,0.5132,0.5185,	2025-02-19 22:02:01
BTC/USD,"96,118.0","96,119.0","93,569.0","96,885.0",	2025-02-19 22:02:01
BTC/EUR,"92,024.2","92,024.3","90,927.9","92,667.8",	2025-02-19 22:02:01
ETH/USD,"2,709.79","2,709.80","2,613.79","2,736.70",	2025-02-19 22:02:01
from/to,bid,ask,min_bid,max_bid,time
EUR/USD,1.0422,1.0423,1.0401,1.0462,	2025-02-19 22:03:30
USD/JPY,151.60,151.62,151.25,152.32,	2025-02-19 22:03:30
GBP/USD,1.2575,1.2576,1.2563,1.2641,	2025-02-19 22:03:30
USD/TRY,36.2921,36.3028,36.2655,36.3131,	2025-02-19 22:03:30
USD/CHF,0.9037,0.9039,0.9024,0.9055,	2025-02-19 22:03:30
USD/CAD,1.4240,1.4242,1.4176,1.4246,	2025-02-19 22:03:30
EUR/JPY,158.00,158.01,157.71,159.13,	2025-02-19 22:03:30
AUD/USD,0.6342,0.6343,0.6337,0.6371,	2025-02-19 22:03:30
NZD/USD,0.5700,0.5702,0.5678,0.5732,	2025-02-19 22:03:30
EUR/GBP,0.8286,0.8287,0.8267,0.8290,	2025-02-19 22:03:30
EUR/CHF,0.9418,0.9420,0.9413,0.9455,	2025-02-19 22:03:30
AUD/JPY,96.16,96.18,96.00,96.77,	2025-02-19 22:03:30
GBP/JPY,190.65,190.68,190.46,192.18,	2025-02-19 22:03:30
CHF/JPY,167.74,167.76,167.45,168.50,	2025-02-19 22:03:30
EUR/CAD,1.4838,1.4840,1.4801,1.4842,	2025-02-19 22:03:30
AUD/CAD,0.9031,0.9033,0.9003,0.9042,	2025-02-19 22:03:30
CAD/JPY,106.47,106.49,106.45,107.35,	2025-02-19 22:03:30
NZD/JPY,86.38,86.40,86.17,87.03,	2025-02-19 22:03:30
AUD/NZD,1.1126,1.1129,1.1104,1.1175,	2025-02-19 22:03:30
GBP/AUD,1.9823,1.9827,1.9799,1.9891,	2025-02-19 22:03:30
EUR/AUD,1.6430,1.6433,1.6399,1.6465,	2025-02-19 22:03:30
GBP/CHF,1.1364,1.1367,1.1357,1.1424,	2025-02-19 22:03:30
EUR/NZD,1.8285,1.8289,1.8216,1.8395,	2025-02-19 22:03:30
AUD/CHF,0.5732,0.5734,0.5726,0.5758,	2025-02-19 22:03:30
GBP/NZD,2.2057,2.2062,2.2012,2.2211,	2025-02-19 22:03:30
USD/INR,86.806,86.918,86.783,86.997,	2025-02-19 22:03:30
USD/CNY,7.2833,7.2842,7.2796,7.2838,	2025-02-19 22:03:30
USD/SGD,1.3427,1.3431,1.3408,1.3439,	2025-02-19 22:03:30
USD/HKD,7.7760,7.7791,7.7722,7.7779,	2025-02-19 22:03:30
USD/DKK,7.1556,7.1569,7.1298,7.1712,	2025-02-19 22:03:30
GBP/CAD,1.7905,1.7908,1.7866,1.7941,	2025-02-19 22:03:30
USD/SEK,10.7185,10.7385,10.6912,10.7597,	2025-02-19 22:03:30
USD/ILS,3.5435,3.5469,3.5355,3.5537,	2025-02-19 22:03:30
USD/RUB,89.6129,89.6216,88.7810,91.5664,	2025-02-19 22:03:30
USD/MXN,20.4444,20.4626,20.2010,20.4793,	2025-02-19 22:03:30
USD/ZAR,18.5556,18.5656,18.3326,18.5938,	2025-02-19 22:03:30
CAD/CHF,0.6347,0.6348,0.6346,0.6378,	2025-02-19 22:03:30
NZD/CAD,0.8115,0.8117,0.8061,0.8132,	2025-02-19 22:03:30
NZD/CHF,0.5148,0.5152,0.5132,0.5185,	2025-02-19 22:03:30
BTC/USD,"95,804.0","95,805.0","93,633.0","96,885.0",	2025-02-19 22:03:30
BTC/EUR,"91,716.7","91,716.8","90,927.9","92,667.8",	2025-02-19 22:03:30
ETH/USD,"2,696.12","2,696.13","2,613.79","2,736.70",	2025-02-19 22:03:30
"
"
from/to,bid,ask,min_bid,max_bid,time
EUR/USD,1.0420,1.0421,1.0401,1.0462,	2025-02-19 22:03:51
USD/JPY,151.64,151.65,151.25,152.32,	2025-02-19 22:03:51
GBP/USD,1.2572,1.2574,1.2563,1.2641,	2025-02-19 22:03:51
USD/TRY,36.2921,36.3026,36.2655,36.3131,	2025-02-19 22:03:51
USD/CHF,0.9040,0.9042,0.9024,0.9055,	2025-02-19 22:03:51
USD/CAD,1.4241,1.4242,1.4176,1.4246,	2025-02-19 22:03:51
EUR/JPY,158.02,158.04,157.71,159.13,	2025-02-19 22:03:51
AUD/USD,0.6343,0.6344,0.6337,0.6371,	2025-02-19 22:03:51
NZD/USD,0.5699,0.5700,0.5678,0.5732,	2025-02-19 22:03:51
EUR/GBP,0.8287,0.8288,0.8267,0.8290,	2025-02-19 22:03:51
EUR/CHF,0.9419,0.9420,0.9413,0.9455,	2025-02-19 22:03:51
AUD/JPY,96.16,96.18,96.00,96.77,	2025-02-19 22:03:51
GBP/JPY,190.66,190.69,190.46,192.18,	2025-02-19 22:03:51
CHF/JPY,167.73,167.75,167.45,168.50,	2025-02-19 22:03:51
EUR/CAD,1.4838,1.4841,1.4801,1.4840,	2025-02-19 22:03:51
AUD/CAD,0.9031,0.9033,0.9003,0.9042,	2025-02-19 22:03:51
CAD/JPY,106.48,106.50,106.45,107.35,	2025-02-19 22:03:51
NZD/JPY,86.38,86.40,86.17,87.03,	2025-02-19 22:03:51
AUD/NZD,1.1125,1.1129,1.1104,1.1175,	2025-02-19 22:03:51
GBP/AUD,1.9823,1.9827,1.9799,1.9891,	2025-02-19 22:03:51
EUR/AUD,1.6430,1.6433,1.6399,1.6465,	2025-02-19 22:03:51
GBP/CHF,1.1364,1.1366,1.1357,1.1424,	2025-02-19 22:03:51
EUR/NZD,1.8281,1.8285,1.8216,1.8395,	2025-02-19 22:03:51
AUD/CHF,0.5731,0.5734,0.5726,0.5758,	2025-02-19 22:03:51
GBP/NZD,2.2055,2.2062,2.2012,2.2211,	2025-02-19 22:03:51
USD/INR,86.806,86.921,86.783,86.997,	2025-02-19 22:03:51
USD/CNY,7.2833,7.2842,7.2796,7.2838,	2025-02-19 22:03:51
USD/SGD,1.3429,1.3433,1.3408,1.3439,	2025-02-19 22:03:51
USD/HKD,7.7761,7.7791,7.7722,7.7779,	2025-02-19 22:03:51
USD/DKK,7.1557,7.1597,7.1298,7.1712,	2025-02-19 22:03:51
GBP/CAD,1.7904,1.7907,1.7866,1.7941,	2025-02-19 22:03:51
USD/SEK,10.7281,10.7341,10.6912,10.7597,	2025-02-19 22:03:51
USD/ILS,3.5435,3.5469,3.5355,3.5537,	2025-02-19 22:03:51
USD/RUB,89.6233,89.6320,88.7810,91.5664,	2025-02-19 22:03:51
USD/MXN,20.4602,20.4667,20.2010,20.4793,	2025-02-19 22:03:51
USD/ZAR,18.5592,18.5692,18.3326,18.5938,	2025-02-19 22:03:51
CAD/CHF,0.6347,0.6348,0.6347,0.6378,	2025-02-19 22:03:51
NZD/CAD,0.8115,0.8117,0.8061,0.8132,	2025-02-19 22:03:51
NZD/CHF,0.5149,0.5153,0.5132,0.5185,	2025-02-19 22:03:51
BTC/USD,"95,805.0","95,806.0","93,633.0","96,885.0",	2025-02-19 22:03:51
BTC/EUR,"91,679.3","91,679.4","90,927.9","92,667.8",	2025-02-19 22:03:51
ETH/USD,"2,696.12","2,696.13","2,613.79","2,736.70",	2025-02-19 22:03:51
"
","
","
","
","
","
"
from/to,bid,ask,min_bid,max_bid,time
EUR/USD,1.0419,1.0419,1.0401,1.0462,	2025-02-19 22:03:54
USD/JPY,151.67,151.68,151.25,152.32,	2025-02-19 22:03:54
GBP/USD,1.2575,1.2577,1.2563,1.2641,	2025-02-19 22:03:54
USD/TRY,36.2921,36.3008,36.2655,36.3131,	2025-02-19 22:03:54
USD/CHF,0.9040,0.9042,0.9024,0.9055,	2025-02-19 22:03:54
USD/CAD,1.4237,1.4239,1.4176,1.4246,	2025-02-19 22:03:54
EUR/JPY,158.02,158.04,157.71,159.13,	2025-02-19 22:03:54
AUD/USD,0.6343,0.6344,0.6337,0.6371,	2025-02-19 22:03:54
NZD/USD,0.5699,0.5702,0.5678,0.5732,	2025-02-19 22:03:54
EUR/GBP,0.8285,0.8286,0.8267,0.8290,	2025-02-19 22:03:54
EUR/CHF,0.9418,0.9420,0.9413,0.9455,	2025-02-19 22:03:54
AUD/JPY,96.20,96.23,96.00,96.77,	2025-02-19 22:03:54
GBP/JPY,190.72,190.75,190.46,192.18,	2025-02-19 22:03:54
CHF/JPY,167.74,167.76,167.45,168.50,	2025-02-19 22:03:54
EUR/CAD,1.4834,1.4837,1.4801,1.4837,	2025-02-19 22:03:54
AUD/CAD,0.9031,0.9033,0.9003,0.9042,	2025-02-19 22:03:54
CAD/JPY,106.50,106.53,106.45,107.35,	2025-02-19 22:03:54
NZD/JPY,86.42,86.45,86.17,87.03,	2025-02-19 22:03:54
AUD/NZD,1.1126,1.1129,1.1104,1.1175,	2025-02-19 22:03:54
GBP/AUD,1.9821,1.9824,1.9799,1.9891,	2025-02-19 22:03:54
EUR/AUD,1.6422,1.6424,1.6399,1.6465,	2025-02-19 22:03:54
GBP/CHF,1.1368,1.1370,1.1357,1.1424,	2025-02-19 22:03:54
EUR/NZD,1.8275,1.8278,1.8216,1.8395,	2025-02-19 22:03:54
AUD/CHF,0.5735,0.5736,0.5726,0.5758,	2025-02-19 22:03:54
GBP/NZD,2.2054,2.2059,2.2012,2.2211,	2025-02-19 22:03:54
USD/INR,86.815,86.926,86.783,86.997,	2025-02-19 22:03:54
USD/CNY,7.2833,7.2842,7.2796,7.2838,	2025-02-19 22:03:54
USD/SGD,1.3428,1.3432,1.3408,1.3439,	2025-02-19 22:03:54
USD/HKD,7.7776,7.7777,7.7722,7.7779,	2025-02-19 22:03:54
USD/DKK,7.1565,7.1605,7.1298,7.1712,	2025-02-19 22:03:54
GBP/CAD,1.7903,1.7906,1.7866,1.7941,	2025-02-19 22:03:54
USD/SEK,10.7197,10.7398,10.6912,10.7597,	2025-02-19 22:03:54
USD/ILS,3.5430,3.5467,3.5355,3.5537,	2025-02-19 22:03:54
USD/RUB,89.6233,89.6319,88.7810,91.5664,	2025-02-19 22:03:54
USD/MXN,20.4237,20.4302,20.2010,20.4680,	2025-02-19 22:03:54
USD/ZAR,18.5498,18.5598,18.3326,18.5938,	2025-02-19 22:03:54
CAD/CHF,0.6349,0.6351,0.6349,0.6378,	2025-02-19 22:03:54
NZD/CAD,0.8116,0.8118,0.8061,0.8132,	2025-02-19 22:03:54
NZD/CHF,0.5152,0.5154,0.5132,0.5185,	2025-02-19 22:03:54
BTC/USD,"96,118.0","96,119.0","93,569.0","96,885.0",	2025-02-19 22:03:54
BTC/EUR,"92,024.2","92,024.3","90,927.9","92,667.8",	2025-02-19 22:03:54
ETH/USD,"2,709.79","2,709.80","2,613.79","2,736.70",	2025-02-19 22:03:54
"
","
","
","
","
","
"
from/to,bid,ask,min_bid,max_bid,time
EUR/USD,1.0419,1.0421,1.0401,1.0462,	2025-02-19 22:03:57
USD/JPY,151.60,151.61,151.25,152.32,	2025-02-19 22:03:57
GBP/USD,1.2573,1.2574,1.2563,1.2641,	2025-02-19 22:03:57
USD/TRY,36.2921,36.3028,36.2655,36.3131,	2025-02-19 22:03:57
USD/CHF,0.9038,0.9040,0.9024,0.9055,	2025-02-19 22:03:57
USD/CAD,1.4238,1.4240,1.4176,1.4246,	2025-02-19 22:03:57
EUR/JPY,157.96,157.98,157.71,159.13,	2025-02-19 22:03:57
AUD/USD,0.6341,0.6343,0.6337,0.6371,	2025-02-19 22:03:57
NZD/USD,0.5699,0.5700,0.5678,0.5732,	2025-02-19 22:03:57
EUR/GBP,0.8286,0.8288,0.8267,0.8290,	2025-02-19 22:03:57
EUR/CHF,0.9418,0.9420,0.9413,0.9455,	2025-02-19 22:03:57
AUD/JPY,96.14,96.17,96.00,96.77,	2025-02-19 22:03:57
GBP/JPY,190.64,190.67,190.46,192.18,	2025-02-19 22:03:57
CHF/JPY,167.74,167.76,167.45,168.50,	2025-02-19 22:03:57
EUR/CAD,1.4835,1.4837,1.4801,1.4842,	2025-02-19 22:03:57
AUD/CAD,0.9029,0.9032,0.9003,0.9042,	2025-02-19 22:03:57
CAD/JPY,106.46,106.49,106.45,107.35,	2025-02-19 22:03:57
NZD/JPY,86.38,86.40,86.17,87.03,	2025-02-19 22:03:57
AUD/NZD,1.1126,1.1129,1.1104,1.1175,	2025-02-19 22:03:57
GBP/AUD,1.9824,1.9827,1.9799,1.9891,	2025-02-19 22:03:57
EUR/AUD,1.6428,1.6430,1.6399,1.6465,	2025-02-19 22:03:57
GBP/CHF,1.1365,1.1368,1.1357,1.1424,	2025-02-19 22:03:57
EUR/NZD,1.8282,1.8285,1.8216,1.8395,	2025-02-19 22:03:57
AUD/CHF,0.5732,0.5735,0.5726,0.5758,	2025-02-19 22:03:57
GBP/NZD,2.2058,2.2063,2.2012,2.2211,	2025-02-19 22:03:57
USD/INR,86.806,86.918,86.783,86.997,	2025-02-19 22:03:57
USD/CNY,7.2833,7.2842,7.2796,7.2838,	2025-02-19 22:03:57
USD/SGD,1.3428,1.3432,1.3408,1.3439,	2025-02-19 22:03:57
USD/HKD,7.7760,7.7791,7.7722,7.7779,	2025-02-19 22:03:57
USD/DKK,7.1575,7.1588,7.1298,7.1712,	2025-02-19 22:03:57
GBP/CAD,1.7901,1.7905,1.7866,1.7941,	2025-02-19 22:03:57
USD/SEK,10.7292,10.7352,10.6912,10.7597,	2025-02-19 22:03:57
USD/ILS,3.5435,3.5469,3.5355,3.5537,	2025-02-19 22:03:57
USD/RUB,89.6345,89.6431,88.7810,91.5664,	2025-02-19 22:03:57
USD/MXN,20.4586,20.4651,20.2010,20.4793,	2025-02-19 22:03:57
USD/ZAR,18.5528,18.5704,18.3326,18.5938,	2025-02-19 22:03:57
CAD/CHF,0.6347,0.6351,0.6346,0.6378,	2025-02-19 22:03:57
NZD/CAD,0.8113,0.8115,0.8061,0.8132,	2025-02-19 22:03:57
NZD/CHF,0.5148,0.5152,0.5132,0.5185,	2025-02-19 22:03:57
BTC/USD,"95,855.0","95,856.0","93,633.0","96,885.0",	2025-02-19 22:03:57
BTC/EUR,"91,766.0","91,766.1","90,927.9","92,667.8",	2025-02-19 22:03:57
ETH/USD,"2,703.93","2,703.94","2,613.79","2,736.70",	2025-02-19 22:03:57
"
","
","
","
","
","
"
from/to,bid,ask,min_bid,max_bid,time
EUR/USD,1.0418,1.0420,1.0401,1.0462,	2025-02-19 22:04:00
USD/JPY,151.67,151.68,151.25,152.32,	2025-02-19 22:04:00
GBP/USD,1.2574,1.2575,1.2563,1.2641,	2025-02-19 22:04:00
USD/TRY,36.2921,36.3009,36.2655,36.3131,	2025-02-19 22:04:00
USD/CHF,0.9042,0.9043,0.9024,0.9055,	2025-02-19 22:04:00
USD/CAD,1.4240,1.4242,1.4176,1.4246,	2025-02-19 22:04:00
EUR/JPY,158.03,158.04,157.71,159.13,	2025-02-19 22:04:00
AUD/USD,0.6344,0.6345,0.6337,0.6371,	2025-02-19 22:04:00
NZD/USD,0.5701,0.5702,0.5678,0.5732,	2025-02-19 22:04:00
EUR/GBP,0.8284,0.8286,0.8267,0.8290,	2025-02-19 22:04:00
EUR/CHF,0.9420,0.9422,0.9413,0.9455,	2025-02-19 22:04:00
AUD/JPY,96.21,96.24,96.00,96.77,	2025-02-19 22:04:00
GBP/JPY,190.72,190.75,190.46,192.18,	2025-02-19 22:04:00
CHF/JPY,167.72,167.75,167.45,168.50,	2025-02-19 22:04:00
EUR/CAD,1.4836,1.4838,1.4801,1.4838,	2025-02-19 22:04:00
AUD/CAD,0.9032,0.9035,0.9003,0.9042,	2025-02-19 22:04:00
CAD/JPY,106.50,106.53,106.45,107.35,	2025-02-19 22:04:00
NZD/JPY,86.41,86.46,86.17,87.03,	2025-02-19 22:04:00
AUD/NZD,1.1126,1.1129,1.1104,1.1175,	2025-02-19 22:04:00
GBP/AUD,1.9822,1.9824,1.9799,1.9891,	2025-02-19 22:04:00
EUR/AUD,1.6423,1.6425,1.6399,1.6465,	2025-02-19 22:04:00
GBP/CHF,1.1371,1.1373,1.1357,1.1424,	2025-02-19 22:04:00
EUR/NZD,1.8276,1.8279,1.8216,1.8395,	2025-02-19 22:04:00
AUD/CHF,0.5736,0.5738,0.5726,0.5758,	2025-02-19 22:04:00
GBP/NZD,2.2056,2.2061,2.2012,2.2211,	2025-02-19 22:04:00
USD/INR,86.812,86.924,86.783,86.997,	2025-02-19 22:04:00
USD/CNY,7.2833,7.2842,7.2796,7.2838,	2025-02-19 22:04:00
USD/SGD,1.3418,1.3442,1.3408,1.3439,	2025-02-19 22:04:00
USD/HKD,7.7776,7.7777,7.7722,7.7779,	2025-02-19 22:04:00
USD/DKK,7.1579,7.1592,7.1298,7.1712,	2025-02-19 22:04:00
GBP/CAD,1.7906,1.7909,1.7866,1.7941,	2025-02-19 22:04:00
USD/SEK,10.7262,10.7322,10.6912,10.7597,	2025-02-19 22:04:00
USD/ILS,3.5443,3.5483,3.5355,3.5537,	2025-02-19 22:04:00
USD/RUB,89.6220,89.6306,88.7810,91.5664,	2025-02-19 22:04:00
USD/MXN,20.4202,20.4385,20.2010,20.4680,	2025-02-19 22:04:00
USD/ZAR,18.5507,18.5607,18.3326,18.5938,	2025-02-19 22:04:00
CAD/CHF,0.6349,0.6352,0.6349,0.6378,	2025-02-19 22:04:00
NZD/CAD,0.8117,0.8119,0.8061,0.8132,	2025-02-19 22:04:00
NZD/CHF,0.5151,0.5155,0.5132,0.5185,	2025-02-19 22:04:00
BTC/USD,"95,971.0","95,972.0","93,569.0","96,885.0",	2025-02-19 22:04:00
BTC/EUR,"91,950.4","91,950.5","90,927.9","92,667.8",	2025-02-19 22:04:00
ETH/USD,"2,710.99","2,711.00","2,613.79","2,736.70",	2025-02-19 22:04:00
"
","
","
","
","
","
"
from/to,bid,ask,min_bid,max_bid,time
EUR/USD,1.0420,1.0421,1.0401,1.0462,	2025-02-19 22:04:43
USD/JPY,151.64,151.65,151.25,152.32,	2025-02-19 22:04:43
GBP/USD,1.2572,1.2574,1.2563,1.2641,	2025-02-19 22:04:43
USD/TRY,36.2921,36.3026,36.2655,36.3131,	2025-02-19 22:04:43
USD/CHF,0.9040,0.9042,0.9024,0.9055,	2025-02-19 22:04:43
USD/CAD,1.4241,1.4242,1.4176,1.4246,	2025-02-19 22:04:43
EUR/JPY,158.02,158.04,157.71,159.13,	2025-02-19 22:04:43
AUD/USD,0.6343,0.6344,0.6337,0.6371,	2025-02-19 22:04:43
NZD/USD,0.5699,0.5700,0.5678,0.5732,	2025-02-19 22:04:43
EUR/GBP,0.8287,0.8288,0.8267,0.8290,	2025-02-19 22:04:43
EUR/CHF,0.9419,0.9420,0.9413,0.9455,	2025-02-19 22:04:43
AUD/JPY,96.16,96.18,96.00,96.77,	2025-02-19 22:04:43
GBP/JPY,190.66,190.69,190.46,192.18,	2025-02-19 22:04:43
CHF/JPY,167.73,167.75,167.45,168.50,	2025-02-19 22:04:43
EUR/CAD,1.4838,1.4841,1.4801,1.4840,	2025-02-19 22:04:43
AUD/CAD,0.9031,0.9033,0.9003,0.9042,	2025-02-19 22:04:43
CAD/JPY,106.48,106.50,106.45,107.35,	2025-02-19 22:04:43
NZD/JPY,86.38,86.40,86.17,87.03,	2025-02-19 22:04:43
AUD/NZD,1.1125,1.1129,1.1104,1.1175,	2025-02-19 22:04:43
GBP/AUD,1.9823,1.9827,1.9799,1.9891,	2025-02-19 22:04:43
EUR/AUD,1.6430,1.6433,1.6399,1.6465,	2025-02-19 22:04:43
GBP/CHF,1.1364,1.1366,1.1357,1.1424,	2025-02-19 22:04:43
EUR/NZD,1.8281,1.8285,1.8216,1.8395,	2025-02-19 22:04:43
AUD/CHF,0.5731,0.5734,0.5726,0.5758,	2025-02-19 22:04:43
GBP/NZD,2.2055,2.2062,2.2012,2.2211,	2025-02-19 22:04:43
USD/INR,86.806,86.921,86.783,86.997,	2025-02-19 22:04:43
USD/CNY,7.2833,7.2842,7.2796,7.2838,	2025-02-19 22:04:43
USD/SGD,1.3429,1.3433,1.3408,1.3439,	2025-02-19 22:04:43
USD/HKD,7.7761,7.7791,7.7722,7.7779,	2025-02-19 22:04:43
USD/DKK,7.1557,7.1597,7.1298,7.1712,	2025-02-19 22:04:43
GBP/CAD,1.7904,1.7907,1.7866,1.7941,	2025-02-19 22:04:43
USD/SEK,10.7281,10.7341,10.6912,10.7597,	2025-02-19 22:04:43
USD/ILS,3.5435,3.5469,3.5355,3.5537,	2025-02-19 22:04:43
USD/RUB,89.6233,89.6320,88.7810,91.5664,	2025-02-19 22:04:43
USD/MXN,20.4602,20.4667,20.2010,20.4793,	2025-02-19 22:04:43
USD/ZAR,18.5592,18.5692,18.3326,18.5938,	2025-02-19 22:04:43
CAD/CHF,0.6347,0.6348,0.6347,0.6378,	2025-02-19 22:04:43
NZD/CAD,0.8115,0.8117,0.8061,0.8132,	2025-02-19 22:04:43
NZD/CHF,0.5149,0.5153,0.5132,0.5185,	2025-02-19 22:04:43
BTC/USD,"95,805.0","95,806.0","93,633.0","96,885.0",	2025-02-19 22:04:43
BTC/EUR,"91,679.3","91,679.4","90,927.9","92,667.8",	2025-02-19 22:04:43
ETH/USD,"2,696.12","2,696.13","2,613.79","2,736.70",	2025-02-19 22:04:43
"
"
from/to,bid,ask,min_bid,max_bid,time
EUR/USD,1.0420,1.0421,1.0401,1.0462,	2025-02-19 22:04:56
USD/JPY,151.64,151.65,151.25,152.32,	2025-02-19 22:04:56
GBP/USD,1.2572,1.2574,1.2563,1.2641,	2025-02-19 22:04:56
USD/TRY,36.2921,36.3026,36.2655,36.3131,	2025-02-19 22:04:56
USD/CHF,0.9040,0.9042,0.9024,0.9055,	2025-02-19 22:04:56
USD/CAD,1.4241,1.4242,1.4176,1.4246,	2025-02-19 22:04:56
EUR/JPY,158.02,158.04,157.71,159.13,	2025-02-19 22:04:56
AUD/USD,0.6343,0.6344,0.6337,0.6371,	2025-02-19 22:04:56
NZD/USD,0.5699,0.5700,0.5678,0.5732,	2025-02-19 22:04:56
EUR/GBP,0.8287,0.8288,0.8267,0.8290,	2025-02-19 22:04:56
EUR/CHF,0.9419,0.9420,0.9413,0.9455,	2025-02-19 22:04:56
AUD/JPY,96.16,96.18,96.00,96.77,	2025-02-19 22:04:56
GBP/JPY,190.66,190.69,190.46,192.18,	2025-02-19 22:04:56
CHF/JPY,167.73,167.75,167.45,168.50,	2025-02-19 22:04:56
EUR/CAD,1.4838,1.4841,1.4801,1.4840,	2025-02-19 22:04:56
AUD/CAD,0.9031,0.9033,0.9003,0.9042,	2025-02-19 22:04:56
CAD/JPY,106.48,106.50,106.45,107.35,	2025-02-19 22:04:56
NZD/JPY,86.38,86.40,86.17,87.03,	2025-02-19 22:04:56
AUD/NZD,1.1125,1.1129,1.1104,1.1175,	2025-02-19 22:04:56
GBP/AUD,1.9823,1.9827,1.9799,1.9891,	2025-02-19 22:04:56
EUR/AUD,1.6430,1.6433,1.6399,1.6465,	2025-02-19 22:04:56
GBP/CHF,1.1364,1.1366,1.1357,1.1424,	2025-02-19 22:04:56
EUR/NZD,1.8281,1.8285,1.8216,1.8395,	2025-02-19 22:04:56
AUD/CHF,0.5731,0.5734,0.5726,0.5758,	2025-02-19 22:04:56
GBP/NZD,2.2055,2.2062,2.2012,2.2211,	2025-02-19 22:04:56
USD/INR,86.806,86.921,86.783,86.997,	2025-02-19 22:04:56
USD/CNY,7.2833,7.2842,7.2796,7.2838,	2025-02-19 22:04:56
USD/SGD,1.3429,1.3433,1.3408,1.3439,	2025-02-19 22:04:56
USD/HKD,7.7761,7.7791,7.7722,7.7779,	2025-02-19 22:04:56
USD/DKK,7.1557,7.1597,7.1298,7.1712,	2025-02-19 22:04:56
GBP/CAD,1.7904,1.7907,1.7866,1.7941,	2025-02-19 22:04:56
USD/SEK,10.7281,10.7341,10.6912,10.7597,	2025-02-19 22:04:56
USD/ILS,3.5435,3.5469,3.5355,3.5537,	2025-02-19 22:04:56
USD/RUB,89.6233,89.6320,88.7810,91.5664,	2025-02-19 22:04:56
USD/MXN,20.4602,20.4667,20.2010,20.4793,	2025-02-19 22:04:56
USD/ZAR,18.5592,18.5692,18.3326,18.5938,	2025-02-19 22:04:56
CAD/CHF,0.6347,0.6348,0.6347,0.6378,	2025-02-19 22:04:56
NZD/CAD,0.8115,0.8117,0.8061,0.8132,	2025-02-19 22:04:56
NZD/CHF,0.5149,0.5153,0.5132,0.5185,	2025-02-19 22:04:56
BTC/USD,"95,805.0","95,806.0","93,633.0","96,885.0",	2025-02-19 22:04:56
BTC/EUR,"91,679.3","91,679.4","90,927.9","92,667.8",	2025-02-19 22:04:56
ETH/USD,"2,696.12","2,696.13","2,613.79","2,736.70",	2025-02-19 22:04:56
"
"
from/to,bid,ask,min_bid,max_bid,time
EUR/USD,1.0419,1.0421,1.0401,1.0462,	2025-02-19 22:04:59
USD/JPY,151.66,151.68,151.25,152.32,	2025-02-19 22:04:59
GBP/USD,1.2575,1.2576,1.2563,1.2641,	2025-02-19 22:04:59
USD/TRY,36.2921,36.3013,36.2655,36.3131,	2025-02-19 22:04:59
USD/CHF,0.9041,0.9043,0.9024,0.9055,	2025-02-19 22:04:59
USD/CAD,1.4240,1.4242,1.4176,1.4246,	2025-02-19 22:04:59
EUR/JPY,158.02,158.03,157.71,159.13,	2025-02-19 22:04:59
AUD/USD,0.6343,0.6344,0.6337,0.6371,	2025-02-19 22:04:59
NZD/USD,0.5700,0.5702,0.5678,0.5732,	2025-02-19 22:04:59
EUR/GBP,0.8284,0.8286,0.8267,0.8290,	2025-02-19 22:04:59
EUR/CHF,0.9421,0.9422,0.9413,0.9455,	2025-02-19 22:04:59
AUD/JPY,96.21,96.23,96.00,96.77,	2025-02-19 22:04:59
GBP/JPY,190.72,190.75,190.46,192.18,	2025-02-19 22:04:59
CHF/JPY,167.73,167.75,167.45,168.50,	2025-02-19 22:04:59
EUR/CAD,1.4837,1.4840,1.4801,1.4838,	2025-02-19 22:04:59
AUD/CAD,0.9032,0.9035,0.9003,0.9042,	2025-02-19 22:04:59
CAD/JPY,106.49,106.52,106.45,107.35,	2025-02-19 22:04:59
NZD/JPY,86.42,86.44,86.17,87.03,	2025-02-19 22:04:59
AUD/NZD,1.1126,1.1128,1.1104,1.1175,	2025-02-19 22:04:59
GBP/AUD,1.9824,1.9827,1.9799,1.9891,	2025-02-19 22:04:59
EUR/AUD,1.6424,1.6427,1.6399,1.6465,	2025-02-19 22:04:59
GBP/CHF,1.1369,1.1372,1.1357,1.1424,	2025-02-19 22:04:59
EUR/NZD,1.8277,1.8280,1.8216,1.8395,	2025-02-19 22:04:59
AUD/CHF,0.5734,0.5737,0.5726,0.5758,	2025-02-19 22:04:59
GBP/NZD,2.2053,2.2060,2.2012,2.2211,	2025-02-19 22:04:59
USD/INR,86.819,86.931,86.783,86.997,	2025-02-19 22:04:59
USD/CNY,7.2833,7.2842,7.2796,7.2838,	2025-02-19 22:04:59
USD/SGD,1.3429,1.3433,1.3408,1.3439,	2025-02-19 22:04:59
USD/HKD,7.7776,7.7777,7.7722,7.7779,	2025-02-19 22:04:59
USD/DKK,7.1577,7.1590,7.1298,7.1712,	2025-02-19 22:04:59
GBP/CAD,1.7906,1.7909,1.7866,1.7941,	2025-02-19 22:04:59
USD/SEK,10.7198,10.7398,10.6912,10.7597,	2025-02-19 22:04:59
USD/ILS,3.5443,3.5483,3.5355,3.5537,	2025-02-19 22:04:59
USD/RUB,89.6203,89.6289,88.7810,91.5664,	2025-02-19 22:04:59
USD/MXN,20.4243,20.4426,20.2010,20.4680,	2025-02-19 22:04:59
USD/ZAR,18.5518,18.5693,18.3326,18.5938,	2025-02-19 22:04:59
CAD/CHF,0.6349,0.6350,0.6349,0.6378,	2025-02-19 22:04:59
NZD/CAD,0.8116,0.8119,0.8061,0.8132,	2025-02-19 22:04:59
NZD/CHF,0.5152,0.5155,0.5132,0.5185,	2025-02-19 22:04:59
BTC/USD,"95,841.0","95,842.0","93,569.0","96,885.0",	2025-02-19 22:04:59
BTC/EUR,"91,787.4","91,787.5","90,927.9","92,667.8",	2025-02-19 22:04:59
ETH/USD,"2,701.96","2,701.97","2,613.79","2,736.70",	2025-02-19 22:04:59
"
"
from/to,bid,ask,min_bid,max_bid,time
EUR/USD,1.0419,1.0421,1.0401,1.0462,	2025-02-19 22:06:13
USD/JPY,151.57,151.59,151.25,152.32,	2025-02-19 22:06:13
GBP/USD,1.2573,1.2574,1.2563,1.2641,	2025-02-19 22:06:13
USD/TRY,36.2657,36.3235,36.2655,36.3131,	2025-02-19 22:06:13
USD/CHF,0.9039,0.9041,0.9024,0.9055,	2025-02-19 22:06:13
USD/CAD,1.4235,1.4237,1.4176,1.4246,	2025-02-19 22:06:13
EUR/JPY,157.96,157.98,157.71,159.13,	2025-02-19 22:06:13
AUD/USD,0.6343,0.6344,0.6337,0.6371,	2025-02-19 22:06:13
NZD/USD,0.5699,0.5701,0.5678,0.5732,	2025-02-19 22:06:13
EUR/GBP,0.8287,0.8288,0.8267,0.8290,	2025-02-19 22:06:13
EUR/CHF,0.9419,0.9420,0.9413,0.9455,	2025-02-19 22:06:13
AUD/JPY,96.14,96.16,96.00,96.77,	2025-02-19 22:06:13
GBP/JPY,190.63,190.65,190.46,192.18,	2025-02-19 22:06:13
CHF/JPY,167.68,167.71,167.45,168.50,	2025-02-19 22:06:13
EUR/CAD,1.4834,1.4835,1.4801,1.4842,	2025-02-19 22:06:13
AUD/CAD,0.9029,0.9031,0.9003,0.9042,	2025-02-19 22:06:13
CAD/JPY,106.47,106.50,106.45,107.35,	2025-02-19 22:06:13
NZD/JPY,86.37,86.40,86.17,87.03,	2025-02-19 22:06:13
AUD/NZD,1.1125,1.1129,1.1104,1.1175,	2025-02-19 22:06:13
GBP/AUD,1.9823,1.9826,1.9799,1.9891,	2025-02-19 22:06:13
EUR/AUD,1.6427,1.6430,1.6399,1.6465,	2025-02-19 22:06:13
GBP/CHF,1.1366,1.1368,1.1357,1.1424,	2025-02-19 22:06:13
EUR/NZD,1.8280,1.8284,1.8216,1.8395,	2025-02-19 22:06:13
AUD/CHF,0.5733,0.5735,0.5726,0.5758,	2025-02-19 22:06:13
GBP/NZD,2.2055,2.2060,2.2012,2.2211,	2025-02-19 22:06:13
USD/INR,86.807,86.920,86.783,86.997,	2025-02-19 22:06:13
USD/CNY,7.2833,7.2842,7.2796,7.2838,	2025-02-19 22:06:13
USD/SGD,1.3427,1.3431,1.3408,1.3439,	2025-02-19 22:06:13
USD/HKD,7.7761,7.7790,7.7722,7.7779,	2025-02-19 22:06:13
USD/DKK,7.1560,7.1573,7.1298,7.1712,	2025-02-19 22:06:13
GBP/CAD,1.7900,1.7903,1.7866,1.7941,	2025-02-19 22:06:13
USD/SEK,10.7269,10.7329,10.6912,10.7597,	2025-02-19 22:06:13
USD/ILS,3.5435,3.5469,3.5355,3.5537,	2025-02-19 22:06:13
USD/RUB,89.6173,89.6259,88.7810,91.5664,	2025-02-19 22:06:13
USD/MXN,20.4614,20.4679,20.2010,20.4793,	2025-02-19 22:06:13
USD/ZAR,18.5550,18.5650,18.3326,18.5938,	2025-02-19 22:06:13
CAD/CHF,0.6349,0.6351,0.6346,0.6378,	2025-02-19 22:06:13
NZD/CAD,0.8113,0.8116,0.8061,0.8132,	2025-02-19 22:06:13
NZD/CHF,0.5150,0.5152,0.5132,0.5185,	2025-02-19 22:06:13
BTC/USD,"95,804.0","95,805.0","93,633.0","96,885.0",	2025-02-19 22:06:13
BTC/EUR,"91,704.2","91,704.3","90,927.9","92,667.8",	2025-02-19 22:06:13
ETH/USD,"2,701.99","2,702.00","2,613.79","2,736.70",	2025-02-19 22:06:13
"
"
"
"
from/to,bid,ask,min_bid,max_bid,time
EUR/USD,1.0419,1.0421,1.0401,1.0462,	2025-02-19 22:06:17
USD/JPY,151.57,151.59,151.25,152.32,	2025-02-19 22:06:17
GBP/USD,1.2573,1.2574,1.2563,1.2641,	2025-02-19 22:06:17
USD/TRY,36.2657,36.3235,36.2655,36.3131,	2025-02-19 22:06:17
USD/CHF,0.9039,0.9041,0.9024,0.9055,	2025-02-19 22:06:17
USD/CAD,1.4235,1.4237,1.4176,1.4246,	2025-02-19 22:06:17
EUR/JPY,157.96,157.98,157.71,159.13,	2025-02-19 22:06:17
AUD/USD,0.6343,0.6344,0.6337,0.6371,	2025-02-19 22:06:17
NZD/USD,0.5699,0.5701,0.5678,0.5732,	2025-02-19 22:06:17
EUR/GBP,0.8287,0.8288,0.8267,0.8290,	2025-02-19 22:06:17
EUR/CHF,0.9419,0.9420,0.9413,0.9455,	2025-02-19 22:06:17
AUD/JPY,96.14,96.16,96.00,96.77,	2025-02-19 22:06:17
GBP/JPY,190.63,190.65,190.46,192.18,	2025-02-19 22:06:17
CHF/JPY,167.68,167.71,167.45,168.50,	2025-02-19 22:06:17
EUR/CAD,1.4834,1.4835,1.4801,1.4842,	2025-02-19 22:06:17
AUD/CAD,0.9029,0.9031,0.9003,0.9042,	2025-02-19 22:06:17
CAD/JPY,106.47,106.50,106.45,107.35,	2025-02-19 22:06:17
NZD/JPY,86.37,86.40,86.17,87.03,	2025-02-19 22:06:17
AUD/NZD,1.1125,1.1129,1.1104,1.1175,	2025-02-19 22:06:17
GBP/AUD,1.9823,1.9826,1.9799,1.9891,	2025-02-19 22:06:17
EUR/AUD,1.6427,1.6430,1.6399,1.6465,	2025-02-19 22:06:17
GBP/CHF,1.1366,1.1368,1.1357,1.1424,	2025-02-19 22:06:17
EUR/NZD,1.8280,1.8284,1.8216,1.8395,	2025-02-19 22:06:17
AUD/CHF,0.5733,0.5735,0.5726,0.5758,	2025-02-19 22:06:17
GBP/NZD,2.2055,2.2060,2.2012,2.2211,	2025-02-19 22:06:17
USD/INR,86.807,86.920,86.783,86.997,	2025-02-19 22:06:17
USD/CNY,7.2833,7.2842,7.2796,7.2838,	2025-02-19 22:06:17
USD/SGD,1.3427,1.3431,1.3408,1.3439,	2025-02-19 22:06:17
USD/HKD,7.7761,7.7790,7.7722,7.7779,	2025-02-19 22:06:17
USD/DKK,7.1560,7.1573,7.1298,7.1712,	2025-02-19 22:06:17
GBP/CAD,1.7900,1.7903,1.7866,1.7941,	2025-02-19 22:06:17
USD/SEK,10.7269,10.7329,10.6912,10.7597,	2025-02-19 22:06:17
USD/ILS,3.5435,3.5469,3.5355,3.5537,	2025-02-19 22:06:17
USD/RUB,89.6173,89.6259,88.7810,91.5664,	2025-02-19 22:06:17
USD/MXN,20.4614,20.4679,20.2010,20.4793,	2025-02-19 22:06:17
USD/ZAR,18.5550,18.5650,18.3326,18.5938,	2025-02-19 22:06:17
CAD/CHF,0.6349,0.6351,0.6346,0.6378,	2025-02-19 22:06:17
NZD/CAD,0.8113,0.8116,0.8061,0.8132,	2025-02-19 22:06:17
NZD/CHF,0.5150,0.5152,0.5132,0.5185,	2025-02-19 22:06:17
BTC/USD,"95,804.0","95,805.0","93,633.0","96,885.0",	2025-02-19 22:06:17
BTC/EUR,"91,704.2","91,704.3","90,927.9","92,667.8",	2025-02-19 22:06:17
ETH/USD,"2,701.99","2,702.00","2,613.79","2,736.70",	2025-02-19 22:06:17
"
"
"
"
from/to,bid,ask,min_bid,max_bid,time
EUR/USD,1.0419,1.0421,1.0401,1.0462,	2025-02-19 22:06:20
USD/JPY,151.57,151.59,151.25,152.32,	2025-02-19 22:06:20
GBP/USD,1.2573,1.2574,1.2563,1.2641,	2025-02-19 22:06:20
USD/TRY,36.2657,36.3235,36.2655,36.3131,	2025-02-19 22:06:20
USD/CHF,0.9039,0.9041,0.9024,0.9055,	2025-02-19 22:06:20
USD/CAD,1.4235,1.4237,1.4176,1.4246,	2025-02-19 22:06:20
EUR/JPY,157.96,157.98,157.71,159.13,	2025-02-19 22:06:20
AUD/USD,0.6343,0.6344,0.6337,0.6371,	2025-02-19 22:06:20
NZD/USD,0.5699,0.5701,0.5678,0.5732,	2025-02-19 22:06:20
EUR/GBP,0.8287,0.8288,0.8267,0.8290,	2025-02-19 22:06:20
EUR/CHF,0.9419,0.9420,0.9413,0.9455,	2025-02-19 22:06:20
AUD/JPY,96.14,96.16,96.00,96.77,	2025-02-19 22:06:20
GBP/JPY,190.63,190.65,190.46,192.18,	2025-02-19 22:06:20
CHF/JPY,167.68,167.71,167.45,168.50,	2025-02-19 22:06:20
EUR/CAD,1.4834,1.4835,1.4801,1.4842,	2025-02-19 22:06:20
AUD/CAD,0.9029,0.9031,0.9003,0.9042,	2025-02-19 22:06:20
CAD/JPY,106.47,106.50,106.45,107.35,	2025-02-19 22:06:20
NZD/JPY,86.37,86.40,86.17,87.03,	2025-02-19 22:06:20
AUD/NZD,1.1125,1.1129,1.1104,1.1175,	2025-02-19 22:06:20
GBP/AUD,1.9823,1.9826,1.9799,1.9891,	2025-02-19 22:06:20
EUR/AUD,1.6427,1.6430,1.6399,1.6465,	2025-02-19 22:06:20
GBP/CHF,1.1366,1.1368,1.1357,1.1424,	2025-02-19 22:06:20
EUR/NZD,1.8280,1.8284,1.8216,1.8395,	2025-02-19 22:06:20
AUD/CHF,0.5733,0.5735,0.5726,0.5758,	2025-02-19 22:06:20
GBP/NZD,2.2055,2.2060,2.2012,2.2211,	2025-02-19 22:06:20
USD/INR,86.807,86.920,86.783,86.997,	2025-02-19 22:06:20
USD/CNY,7.2833,7.2842,7.2796,7.2838,	2025-02-19 22:06:20
USD/SGD,1.3427,1.3431,1.3408,1.3439,	2025-02-19 22:06:20
USD/HKD,7.7761,7.7790,7.7722,7.7779,	2025-02-19 22:06:20
USD/DKK,7.1560,7.1573,7.1298,7.1712,	2025-02-19 22:06:20
GBP/CAD,1.7900,1.7903,1.7866,1.7941,	2025-02-19 22:06:20
USD/SEK,10.7269,10.7329,10.6912,10.7597,	2025-02-19 22:06:20
USD/ILS,3.5435,3.5469,3.5355,3.5537,	2025-02-19 22:06:20
USD/RUB,89.6173,89.6259,88.7810,91.5664,	2025-02-19 22:06:20
USD/MXN,20.4614,20.4679,20.2010,20.4793,	2025-02-19 22:06:20
USD/ZAR,18.5550,18.5650,18.3326,18.5938,	2025-02-19 22:06:20
CAD/CHF,0.6349,0.6351,0.6346,0.6378,	2025-02-19 22:06:20
NZD/CAD,0.8113,0.8116,0.8061,0.8132,	2025-02-19 22:06:20
NZD/CHF,0.5150,0.5152,0.5132,0.5185,	2025-02-19 22:06:20
BTC/USD,"95,804.0","95,805.0","93,633.0","96,885.0",	2025-02-19 22:06:20
BTC/EUR,"91,704.2","91,704.3","90,927.9","92,667.8",	2025-02-19 22:06:20
ETH/USD,"2,701.99","2,702.00","2,613.79","2,736.70",	2025-02-19 22:06:20
"
"
"
"
from/to,bid,ask,min_bid,max_bid,time
EUR/USD,1.0429,1.0430,1.0401,1.0462,	2025-02-19 22:23:01
USD/JPY,151.44,151.46,151.25,152.32,	2025-02-19 22:23:01
GBP/USD,1.2588,1.2590,1.2563,1.2641,	2025-02-19 22:23:01
USD/TRY,36.2881,36.3009,36.2655,36.3131,	2025-02-19 22:23:01
USD/CHF,0.9032,0.9034,0.9024,0.9055,	2025-02-19 22:23:01
USD/CAD,1.4224,1.4226,1.4176,1.4246,	2025-02-19 22:23:01
EUR/JPY,157.96,157.98,157.71,159.13,	2025-02-19 22:23:01
AUD/USD,0.6350,0.6352,0.6337,0.6371,	2025-02-19 22:23:01
NZD/USD,0.5707,0.5709,0.5678,0.5732,	2025-02-19 22:23:01
EUR/GBP,0.8285,0.8286,0.8267,0.8290,	2025-02-19 22:23:01
EUR/CHF,0.9421,0.9423,0.9413,0.9455,	2025-02-19 22:23:01
AUD/JPY,96.19,96.21,96.00,96.77,	2025-02-19 22:23:01
GBP/JPY,190.64,190.67,190.46,192.18,	2025-02-19 22:23:01
CHF/JPY,167.66,167.68,167.45,168.50,	2025-02-19 22:23:01
EUR/CAD,1.4836,1.4839,1.4801,1.4842,	2025-02-19 22:23:01
AUD/CAD,0.9033,0.9036,0.9003,0.9042,	2025-02-19 22:23:01
CAD/JPY,106.46,106.49,106.41,107.35,	2025-02-19 22:23:01
NZD/JPY,86.38,86.43,86.17,87.03,	2025-02-19 22:23:01
AUD/NZD,1.1126,1.1130,1.1104,1.1175,	2025-02-19 22:23:01
GBP/AUD,1.9819,1.9823,1.9799,1.9891,	2025-02-19 22:23:01
EUR/AUD,1.6421,1.6423,1.6399,1.6465,	2025-02-19 22:23:01
GBP/CHF,1.1370,1.1373,1.1357,1.1424,	2025-02-19 22:23:01
EUR/NZD,1.8275,1.8278,1.8216,1.8395,	2025-02-19 22:23:01
AUD/CHF,0.5735,0.5739,0.5726,0.5758,	2025-02-19 22:23:01
GBP/NZD,2.2051,2.2059,2.2012,2.2211,	2025-02-19 22:23:01
USD/INR,86.809,86.919,86.783,86.997,	2025-02-19 22:23:01
USD/CNY,7.2833,7.2842,7.2796,7.2838,	2025-02-19 22:23:01
USD/SGD,1.3411,1.3435,1.3408,1.3439,	2025-02-19 22:23:01
USD/HKD,7.7759,7.7789,7.7722,7.7779,	2025-02-19 22:23:01
USD/DKK,7.1485,7.1525,7.1298,7.1712,	2025-02-19 22:23:01
GBP/CAD,1.7904,1.7907,1.7866,1.7941,	2025-02-19 22:23:01
USD/SEK,10.7141,10.7201,10.6912,10.7597,	2025-02-19 22:23:01
USD/ILS,3.5435,3.5464,3.5355,3.5537,	2025-02-19 22:23:01
USD/RUB,89.6143,89.6229,88.7810,91.5664,	2025-02-19 22:23:01
USD/MXN,20.4241,20.4424,20.2010,20.4793,	2025-02-19 22:23:01
USD/ZAR,18.5376,18.5476,18.3326,18.5938,	2025-02-19 22:23:01
CAD/CHF,0.6350,0.6351,0.6346,0.6378,	2025-02-19 22:23:01
NZD/CAD,0.8117,0.8119,0.8061,0.8132,	2025-02-19 22:23:01
NZD/CHF,0.5152,0.5156,0.5132,0.5185,	2025-02-19 22:23:01
BTC/USD,"96,329.0","96,338.0","93,808.0","96,885.0",	2025-02-19 22:23:01
BTC/EUR,"92,077.7","92,077.8","90,927.9","92,667.8",	2025-02-19 22:23:01
ETH/USD,"2,721.74","2,721.75","2,613.79","2,736.70",	2025-02-19 22:23:01
"
"
"
"
from/to,bid,ask,min_bid,max_bid,time
EUR/USD,1.0428,1.0430,1.0401,1.0462,	2025-02-19 22:24:28
USD/JPY,151.43,151.44,151.25,152.32,	2025-02-19 22:24:28
GBP/USD,1.2588,1.2590,1.2563,1.2641,	2025-02-19 22:24:28
USD/TRY,36.2881,36.3009,36.2655,36.3131,	2025-02-19 22:24:28
USD/CHF,0.9032,0.9034,0.9024,0.9055,	2025-02-19 22:24:28
USD/CAD,1.4224,1.4226,1.4176,1.4246,	2025-02-19 22:24:28
EUR/JPY,157.93,157.95,157.71,159.13,	2025-02-19 22:24:28
AUD/USD,0.6351,0.6352,0.6337,0.6371,	2025-02-19 22:24:28
NZD/USD,0.5707,0.5710,0.5678,0.5732,	2025-02-19 22:24:28
EUR/GBP,0.8284,0.8286,0.8267,0.8290,	2025-02-19 22:24:28
EUR/CHF,0.9421,0.9422,0.9413,0.9455,	2025-02-19 22:24:28
AUD/JPY,96.18,96.20,96.00,96.77,	2025-02-19 22:24:28
GBP/JPY,190.63,190.66,190.46,192.18,	2025-02-19 22:24:28
CHF/JPY,167.63,167.65,167.45,168.50,	2025-02-19 22:24:28
EUR/CAD,1.4834,1.4836,1.4801,1.4842,	2025-02-19 22:24:28
AUD/CAD,0.9032,0.9034,0.9003,0.9042,	2025-02-19 22:24:28
CAD/JPY,106.44,106.46,106.41,107.35,	2025-02-19 22:24:28
NZD/JPY,86.37,86.40,86.17,87.03,	2025-02-19 22:24:28
AUD/NZD,1.1124,1.1128,1.1104,1.1175,	2025-02-19 22:24:28
GBP/AUD,1.9818,1.9821,1.9799,1.9891,	2025-02-19 22:24:28
EUR/AUD,1.6419,1.6421,1.6399,1.6465,	2025-02-19 22:24:28
GBP/CHF,1.1371,1.1374,1.1357,1.1424,	2025-02-19 22:24:28
EUR/NZD,1.8270,1.8274,1.8216,1.8395,	2025-02-19 22:24:28
AUD/CHF,0.5736,0.5737,0.5726,0.5758,	2025-02-19 22:24:28
GBP/NZD,2.2047,2.2054,2.2012,2.2211,	2025-02-19 22:24:28
USD/INR,86.810,86.920,86.783,86.997,	2025-02-19 22:24:28
USD/CNY,7.2833,7.2842,7.2796,7.2838,	2025-02-19 22:24:28
USD/SGD,1.3410,1.3434,1.3408,1.3439,	2025-02-19 22:24:28
USD/HKD,7.7759,7.7789,7.7722,7.7779,	2025-02-19 22:24:28
USD/DKK,7.1504,7.1517,7.1298,7.1712,	2025-02-19 22:24:28
GBP/CAD,1.7905,1.7909,1.7866,1.7941,	2025-02-19 22:24:28
USD/SEK,10.7093,10.7293,10.6912,10.7597,	2025-02-19 22:24:28
USD/ILS,3.5435,3.5464,3.5355,3.5537,	2025-02-19 22:24:28
USD/RUB,89.6143,89.6229,88.7810,91.5664,	2025-02-19 22:24:28
USD/MXN,20.4315,20.4497,20.2010,20.4793,	2025-02-19 22:24:28
USD/ZAR,18.5404,18.5504,18.3326,18.5938,	2025-02-19 22:24:28
CAD/CHF,0.6349,0.6352,0.6346,0.6378,	2025-02-19 22:24:28
NZD/CAD,0.8116,0.8120,0.8061,0.8132,	2025-02-19 22:24:28
NZD/CHF,0.5153,0.5157,0.5132,0.5185,	2025-02-19 22:24:28
BTC/USD,"96,174.0","96,217.0","93,808.0","96,885.0",	2025-02-19 22:24:28
BTC/EUR,"91,949.9","91,950.0","90,927.9","92,667.8",	2025-02-19 22:24:28
ETH/USD,"2,715.49","2,715.50","2,613.79","2,736.70",	2025-02-19 22:24:28
"
"
"
"
from/to,bid,ask,min_bid,max_bid,time
EUR/USD,1.0427,1.0429,1.0401,1.0462,	2025-02-19 22:26:12
USD/JPY,151.51,151.52,151.25,152.32,	2025-02-19 22:26:12
GBP/USD,1.2585,1.2587,1.2563,1.2641,	2025-02-19 22:26:12
USD/TRY,36.2861,36.3041,36.2655,36.3131,	2025-02-19 22:26:12
USD/CHF,0.9033,0.9035,0.9024,0.9055,	2025-02-19 22:26:12
USD/CAD,1.4227,1.4229,1.4176,1.4246,	2025-02-19 22:26:12
EUR/JPY,157.99,158.01,157.71,159.13,	2025-02-19 22:26:12
AUD/USD,0.6350,0.6352,0.6337,0.6371,	2025-02-19 22:26:12
NZD/USD,0.5706,0.5708,0.5678,0.5732,	2025-02-19 22:26:12
EUR/GBP,0.8285,0.8286,0.8267,0.8290,	2025-02-19 22:26:12
EUR/CHF,0.9419,0.9422,0.9413,0.9455,	2025-02-19 22:26:12
AUD/JPY,96.20,96.22,96.00,96.77,	2025-02-19 22:26:12
GBP/JPY,190.68,190.71,190.46,192.18,	2025-02-19 22:26:12
CHF/JPY,167.69,167.72,167.45,168.50,	2025-02-19 22:26:12
EUR/CAD,1.4835,1.4838,1.4801,1.4842,	2025-02-19 22:26:12
AUD/CAD,0.9033,0.9035,0.9003,0.9042,	2025-02-19 22:26:12
CAD/JPY,106.48,106.50,106.41,107.35,	2025-02-19 22:26:12
NZD/JPY,86.40,86.45,86.17,87.03,	2025-02-19 22:26:12
AUD/NZD,1.1126,1.1129,1.1104,1.1175,	2025-02-19 22:26:12
GBP/AUD,1.9818,1.9821,1.9799,1.9891,	2025-02-19 22:26:12
EUR/AUD,1.6421,1.6424,1.6399,1.6465,	2025-02-19 22:26:12
GBP/CHF,1.1369,1.1372,1.1357,1.1424,	2025-02-19 22:26:12
EUR/NZD,1.8273,1.8277,1.8216,1.8395,	2025-02-19 22:26:12
AUD/CHF,0.5735,0.5738,0.5726,0.5758,	2025-02-19 22:26:12
GBP/NZD,2.2049,2.2057,2.2012,2.2211,	2025-02-19 22:26:12
USD/INR,86.809,86.922,86.783,86.997,	2025-02-19 22:26:12
USD/CNY,7.2833,7.2842,7.2796,7.2838,	2025-02-19 22:26:12
USD/SGD,1.3422,1.3426,1.3408,1.3439,	2025-02-19 22:26:12
USD/HKD,7.7760,7.7790,7.7722,7.7779,	2025-02-19 22:26:12
USD/DKK,7.1501,7.1541,7.1298,7.1712,	2025-02-19 22:26:12
GBP/CAD,1.7905,1.7908,1.7866,1.7941,	2025-02-19 22:26:12
USD/SEK,10.7138,10.7198,10.6912,10.7597,	2025-02-19 22:26:12
USD/ILS,3.5435,3.5464,3.5355,3.5537,	2025-02-19 22:26:12
USD/RUB,89.6250,89.6337,88.7810,91.5664,	2025-02-19 22:26:12
USD/MXN,20.4227,20.4409,20.2010,20.4793,	2025-02-19 22:26:12
USD/ZAR,18.5401,18.5501,18.3326,18.5938,	2025-02-19 22:26:12
CAD/CHF,0.6349,0.6352,0.6346,0.6378,	2025-02-19 22:26:12
NZD/CAD,0.8116,0.8120,0.8061,0.8132,	2025-02-19 22:26:12
NZD/CHF,0.5152,0.5156,0.5132,0.5185,	2025-02-19 22:26:12
BTC/USD,"96,191.0","96,192.0","93,808.0","96,885.0",	2025-02-19 22:26:12
BTC/EUR,"91,980.0","91,980.1","90,927.9","92,667.8",	2025-02-19 22:26:12
ETH/USD,"2,713.57","2,713.58","2,613.79","2,736.70",	2025-02-19 22:26:12
"
"
"
"
from/to,bid,ask,min_bid,max_bid,time
EUR/USD,1.0428,1.0429,1.0401,1.0462,	2025-02-19 22:26:56
USD/JPY,151.51,151.52,151.25,152.32,	2025-02-19 22:26:56
GBP/USD,1.2585,1.2586,1.2563,1.2641,	2025-02-19 22:26:56
USD/TRY,36.2861,36.3041,36.2655,36.3131,	2025-02-19 22:26:56
USD/CHF,0.9033,0.9035,0.9024,0.9055,	2025-02-19 22:26:56
USD/CAD,1.4226,1.4228,1.4176,1.4246,	2025-02-19 22:26:56
EUR/JPY,157.99,158.01,157.71,159.13,	2025-02-19 22:26:56
AUD/USD,0.6350,0.6351,0.6337,0.6371,	2025-02-19 22:26:56
NZD/USD,0.5706,0.5708,0.5678,0.5732,	2025-02-19 22:26:56
EUR/GBP,0.8285,0.8286,0.8267,0.8290,	2025-02-19 22:26:56
EUR/CHF,0.9419,0.9422,0.9413,0.9455,	2025-02-19 22:26:56
AUD/JPY,96.20,96.22,96.00,96.77,	2025-02-19 22:26:56
GBP/JPY,190.67,190.70,190.46,192.18,	2025-02-19 22:26:56
CHF/JPY,167.69,167.71,167.45,168.50,	2025-02-19 22:26:56
EUR/CAD,1.4835,1.4838,1.4801,1.4842,	2025-02-19 22:26:56
AUD/CAD,0.9033,0.9036,0.9003,0.9042,	2025-02-19 22:26:56
CAD/JPY,106.48,106.51,106.41,107.35,	2025-02-19 22:26:56
NZD/JPY,86.41,86.44,86.17,87.03,	2025-02-19 22:26:56
AUD/NZD,1.1126,1.1129,1.1104,1.1175,	2025-02-19 22:26:56
GBP/AUD,1.9817,1.9821,1.9799,1.9891,	2025-02-19 22:26:56
EUR/AUD,1.6421,1.6423,1.6399,1.6465,	2025-02-19 22:26:56
GBP/CHF,1.1369,1.1371,1.1357,1.1424,	2025-02-19 22:26:56
EUR/NZD,1.8274,1.8279,1.8216,1.8395,	2025-02-19 22:26:56
AUD/CHF,0.5735,0.5739,0.5726,0.5758,	2025-02-19 22:26:56
GBP/NZD,2.2050,2.2057,2.2012,2.2211,	2025-02-19 22:26:56
USD/INR,86.808,86.922,86.783,86.997,	2025-02-19 22:26:56
USD/CNY,7.2833,7.2842,7.2796,7.2838,	2025-02-19 22:26:56
USD/SGD,1.3422,1.3426,1.3408,1.3439,	2025-02-19 22:26:56
USD/HKD,7.7759,7.7789,7.7722,7.7779,	2025-02-19 22:26:56
USD/DKK,7.1509,7.1522,7.1298,7.1712,	2025-02-19 22:26:56
GBP/CAD,1.7904,1.7907,1.7866,1.7941,	2025-02-19 22:26:56
USD/SEK,10.7075,10.7275,10.6912,10.7597,	2025-02-19 22:26:56
USD/ILS,3.5435,3.5464,3.5355,3.5537,	2025-02-19 22:26:56
USD/RUB,89.6186,89.6272,88.7810,91.5664,	2025-02-19 22:26:56
USD/MXN,20.4186,20.4369,20.2010,20.4793,	2025-02-19 22:26:56
USD/ZAR,18.5367,18.5542,18.3326,18.5938,	2025-02-19 22:26:56
CAD/CHF,0.6349,0.6352,0.6346,0.6378,	2025-02-19 22:26:56
NZD/CAD,0.8116,0.8120,0.8061,0.8132,	2025-02-19 22:26:56
NZD/CHF,0.5152,0.5156,0.5132,0.5185,	2025-02-19 22:26:56
BTC/USD,"96,139.0","96,140.0","93,808.0","96,885.0",	2025-02-19 22:26:56
BTC/EUR,"92,016.2","92,016.3","90,927.9","92,667.8",	2025-02-19 22:26:56
ETH/USD,"2,713.57","2,713.58","2,613.79","2,736.70",	2025-02-19 22:26:56
"
"
"
"
from/to,bid,ask,min_bid,max_bid,time
EUR/USD,1.0429,1.0431,1.0401,1.0462,	2025-02-19 22:27:26
USD/JPY,151.48,151.50,151.25,152.32,	2025-02-19 22:27:26
GBP/USD,1.2586,1.2588,1.2563,1.2641,	2025-02-19 22:27:26
USD/TRY,36.2861,36.3041,36.2655,36.3131,	2025-02-19 22:27:26
USD/CHF,0.9033,0.9034,0.9024,0.9055,	2025-02-19 22:27:26
USD/CAD,1.4225,1.4227,1.4176,1.4246,	2025-02-19 22:27:26
EUR/JPY,157.98,158.00,157.71,159.13,	2025-02-19 22:27:26
AUD/USD,0.6349,0.6350,0.6337,0.6371,	2025-02-19 22:27:26
NZD/USD,0.5707,0.5708,0.5678,0.5732,	2025-02-19 22:27:26
EUR/GBP,0.8285,0.8287,0.8267,0.8290,	2025-02-19 22:27:26
EUR/CHF,0.9421,0.9422,0.9413,0.9455,	2025-02-19 22:27:26
AUD/JPY,96.20,96.22,96.00,96.77,	2025-02-19 22:27:26
GBP/JPY,190.66,190.69,190.46,192.18,	2025-02-19 22:27:26
CHF/JPY,167.67,167.70,167.45,168.50,	2025-02-19 22:27:26
EUR/CAD,1.4836,1.4838,1.4801,1.4842,	2025-02-19 22:27:26
AUD/CAD,0.9032,0.9035,0.9003,0.9042,	2025-02-19 22:27:26
CAD/JPY,106.48,106.51,106.41,107.35,	2025-02-19 22:27:26
NZD/JPY,86.42,86.44,86.17,87.03,	2025-02-19 22:27:26
AUD/NZD,1.1126,1.1129,1.1104,1.1175,	2025-02-19 22:27:26
GBP/AUD,1.9819,1.9823,1.9799,1.9891,	2025-02-19 22:27:26
EUR/AUD,1.6423,1.6425,1.6399,1.6465,	2025-02-19 22:27:26
GBP/CHF,1.1369,1.1372,1.1357,1.1424,	2025-02-19 22:27:26
EUR/NZD,1.8276,1.8280,1.8216,1.8395,	2025-02-19 22:27:26
AUD/CHF,0.5735,0.5738,0.5726,0.5758,	2025-02-19 22:27:26
GBP/NZD,2.2051,2.2059,2.2012,2.2211,	2025-02-19 22:27:26
USD/INR,86.810,86.921,86.783,86.997,	2025-02-19 22:27:26
USD/CNY,7.2833,7.2842,7.2796,7.2838,	2025-02-19 22:27:26
USD/SGD,1.3422,1.3425,1.3408,1.3439,	2025-02-19 22:27:26
USD/HKD,7.7759,7.7789,7.7722,7.7779,	2025-02-19 22:27:26
USD/DKK,7.1505,7.1518,7.1298,7.1712,	2025-02-19 22:27:26
GBP/CAD,1.7904,1.7907,1.7866,1.7941,	2025-02-19 22:27:26
USD/SEK,10.7135,10.7195,10.6912,10.7597,	2025-02-19 22:27:26
USD/ILS,3.5435,3.5464,3.5355,3.5537,	2025-02-19 22:27:26
USD/RUB,89.6194,89.6281,88.7810,91.5664,	2025-02-19 22:27:26
USD/MXN,20.4299,20.4364,20.2010,20.4793,	2025-02-19 22:27:26
USD/ZAR,18.5368,18.5468,18.3326,18.5938,	2025-02-19 22:27:26
CAD/CHF,0.6350,0.6351,0.6346,0.6378,	2025-02-19 22:27:26
NZD/CAD,0.8117,0.8119,0.8061,0.8132,	2025-02-19 22:27:26
NZD/CHF,0.5152,0.5156,0.5132,0.5185,	2025-02-19 22:27:26
BTC/USD,"96,250.0","96,251.0","93,808.0","96,885.0",	2025-02-19 22:27:26
BTC/EUR,"92,034.8","92,034.9","90,927.9","92,667.8",	2025-02-19 22:27:26
ETH/USD,"2,716.99","2,717.00","2,613.79","2,736.70",	2025-02-19 22:27:26
"
"
"
"
from/to,bid,ask,min_bid,max_bid,time
EUR/USD,1.0429,1.0431,1.0401,1.0462,	2025-02-19 22:31:49
USD/JPY,151.48,151.50,151.25,152.32,	2025-02-19 22:31:49
GBP/USD,1.2587,1.2588,1.2563,1.2641,	2025-02-19 22:31:49
USD/TRY,36.2898,36.2992,36.2655,36.3131,	2025-02-19 22:31:49
USD/CHF,0.9033,0.9034,0.9024,0.9055,	2025-02-19 22:31:49
USD/CAD,1.4227,1.4229,1.4176,1.4246,	2025-02-19 22:31:49
EUR/JPY,158.00,158.02,157.71,159.13,	2025-02-19 22:31:49
AUD/USD,0.6349,0.6351,0.6337,0.6371,	2025-02-19 22:31:49
NZD/USD,0.5705,0.5707,0.5678,0.5732,	2025-02-19 22:31:49
EUR/GBP,0.8285,0.8286,0.8267,0.8290,	2025-02-19 22:31:49
EUR/CHF,0.9421,0.9423,0.9413,0.9455,	2025-02-19 22:31:49
AUD/JPY,96.17,96.21,96.00,96.77,	2025-02-19 22:31:49
GBP/JPY,190.70,190.73,190.46,192.18,	2025-02-19 22:31:49
CHF/JPY,167.68,167.70,167.45,168.50,	2025-02-19 22:31:49
EUR/CAD,1.4838,1.4840,1.4801,1.4842,	2025-02-19 22:31:49
AUD/CAD,0.9033,0.9035,0.9003,0.9042,	2025-02-19 22:31:49
CAD/JPY,106.47,106.49,106.41,107.35,	2025-02-19 22:31:49
NZD/JPY,86.39,86.42,86.17,87.03,	2025-02-19 22:31:49
AUD/NZD,1.1127,1.1130,1.1104,1.1175,	2025-02-19 22:31:49
GBP/AUD,1.9822,1.9826,1.9799,1.9891,	2025-02-19 22:31:49
EUR/AUD,1.6424,1.6427,1.6399,1.6465,	2025-02-19 22:31:49
GBP/CHF,1.1371,1.1373,1.1357,1.1424,	2025-02-19 22:31:49
EUR/NZD,1.8278,1.8282,1.8216,1.8395,	2025-02-19 22:31:49
AUD/CHF,0.5735,0.5737,0.5726,0.5758,	2025-02-19 22:31:49
GBP/NZD,2.2055,2.2063,2.2012,2.2211,	2025-02-19 22:31:49
USD/INR,86.807,86.920,86.783,86.997,	2025-02-19 22:31:49
USD/CNY,7.2833,7.2842,7.2796,7.2838,	2025-02-19 22:31:49
USD/SGD,1.3422,1.3426,1.3408,1.3439,	2025-02-19 22:31:49
USD/HKD,7.7759,7.7789,7.7722,7.7779,	2025-02-19 22:31:49
USD/DKK,7.1490,7.1530,7.1298,7.1712,	2025-02-19 22:31:49
GBP/CAD,1.7908,1.7911,1.7866,1.7941,	2025-02-19 22:31:49
USD/SEK,10.7084,10.7284,10.6912,10.7597,	2025-02-19 22:31:49
USD/ILS,3.5432,3.5467,3.5355,3.5537,	2025-02-19 22:31:49
USD/RUB,89.6061,89.6147,88.7810,91.5664,	2025-02-19 22:31:49
USD/MXN,20.4298,20.4363,20.2010,20.4793,	2025-02-19 22:31:49
USD/ZAR,18.5388,18.5488,18.3326,18.5938,	2025-02-19 22:31:49
CAD/CHF,0.6349,0.6351,0.6346,0.6378,	2025-02-19 22:31:49
NZD/CAD,0.8116,0.8119,0.8061,0.8132,	2025-02-19 22:31:49
NZD/CHF,0.5152,0.5155,0.5132,0.5185,	2025-02-19 22:31:49
BTC/USD,"96,109.0","96,113.0","93,942.0","96,885.0",	2025-02-19 22:31:49
BTC/EUR,"91,868.2","91,868.3","90,927.9","92,667.8",	2025-02-19 22:31:49
ETH/USD,"2,709.73","2,709.74","2,613.79","2,736.70",	2025-02-19 22:31:49
"
"
"
"
from/to,bid,ask,min_bid,max_bid,time
EUR/USD,1.0428,1.0430,1.0401,1.0462,	2025-02-19 22:32:11
USD/JPY,151.48,151.50,151.25,152.32,	2025-02-19 22:32:11
GBP/USD,1.2586,1.2587,1.2563,1.2641,	2025-02-19 22:32:11
USD/TRY,36.2898,36.2992,36.2655,36.3131,	2025-02-19 22:32:11
USD/CHF,0.9034,0.9035,0.9024,0.9055,	2025-02-19 22:32:11
USD/CAD,1.4227,1.4229,1.4176,1.4246,	2025-02-19 22:32:11
EUR/JPY,157.99,158.01,157.71,159.13,	2025-02-19 22:32:11
AUD/USD,0.6350,0.6351,0.6337,0.6371,	2025-02-19 22:32:11
NZD/USD,0.5706,0.5707,0.5678,0.5732,	2025-02-19 22:32:11
EUR/GBP,0.8285,0.8286,0.8267,0.8290,	2025-02-19 22:32:11
EUR/CHF,0.9421,0.9422,0.9413,0.9455,	2025-02-19 22:32:11
AUD/JPY,96.18,96.21,96.00,96.77,	2025-02-19 22:32:11
GBP/JPY,190.67,190.70,190.46,192.18,	2025-02-19 22:32:11
CHF/JPY,167.67,167.69,167.45,168.50,	2025-02-19 22:32:11
EUR/CAD,1.4837,1.4839,1.4801,1.4842,	2025-02-19 22:32:11
AUD/CAD,0.9033,0.9035,0.9003,0.9042,	2025-02-19 22:32:11
CAD/JPY,106.47,106.50,106.41,107.35,	2025-02-19 22:32:11
NZD/JPY,86.39,86.42,86.17,87.03,	2025-02-19 22:32:11
AUD/NZD,1.1126,1.1130,1.1104,1.1175,	2025-02-19 22:32:11
GBP/AUD,1.9821,1.9824,1.9799,1.9891,	2025-02-19 22:32:11
EUR/AUD,1.6423,1.6425,1.6399,1.6465,	2025-02-19 22:32:11
GBP/CHF,1.1370,1.1372,1.1357,1.1424,	2025-02-19 22:32:11
EUR/NZD,1.8277,1.8282,1.8216,1.8395,	2025-02-19 22:32:11
AUD/CHF,0.5735,0.5737,0.5726,0.5758,	2025-02-19 22:32:11
GBP/NZD,2.2056,2.2061,2.2012,2.2211,	2025-02-19 22:32:11
USD/INR,86.808,86.921,86.783,86.997,	2025-02-19 22:32:11
USD/CNY,7.2833,7.2842,7.2796,7.2838,	2025-02-19 22:32:11
USD/SGD,1.3422,1.3426,1.3408,1.3439,	2025-02-19 22:32:11
USD/HKD,7.7759,7.7789,7.7722,7.7779,	2025-02-19 22:32:11
USD/DKK,7.1511,7.1524,7.1298,7.1712,	2025-02-19 22:32:11
GBP/CAD,1.7906,1.7909,1.7866,1.7941,	2025-02-19 22:32:11
USD/SEK,10.7157,10.7217,10.6912,10.7597,	2025-02-19 22:32:11
USD/ILS,3.5432,3.5467,3.5355,3.5537,	2025-02-19 22:32:11
USD/RUB,89.6211,89.6297,88.7810,91.5664,	2025-02-19 22:32:11
USD/MXN,20.4301,20.4366,20.2010,20.4793,	2025-02-19 22:32:11
USD/ZAR,18.5361,18.5536,18.3326,18.5938,	2025-02-19 22:32:11
CAD/CHF,0.6349,0.6351,0.6346,0.6378,	2025-02-19 22:32:11
NZD/CAD,0.8116,0.8119,0.8061,0.8132,	2025-02-19 22:32:11
NZD/CHF,0.5153,0.5154,0.5132,0.5185,	2025-02-19 22:32:11
BTC/USD,"96,073.0","96,074.0","93,942.0","96,885.0",	2025-02-19 22:32:11
BTC/EUR,"91,868.2","91,868.3","90,927.9","92,667.8",	2025-02-19 22:32:11
ETH/USD,"2,708.50","2,708.51","2,613.79","2,736.70",	2025-02-19 22:32:11
"
"
"
"
from/to,bid,ask,min_bid,max_bid,time
EUR/USD,1.0428,1.0430,1.0401,1.0462,	2025-02-19 22:32:37
USD/JPY,151.48,151.50,151.25,152.32,	2025-02-19 22:32:37
GBP/USD,1.2586,1.2587,1.2563,1.2641,	2025-02-19 22:32:37
USD/TRY,36.2898,36.2992,36.2655,36.3131,	2025-02-19 22:32:37
USD/CHF,0.9034,0.9035,0.9024,0.9055,	2025-02-19 22:32:37
USD/CAD,1.4227,1.4229,1.4176,1.4246,	2025-02-19 22:32:37
EUR/JPY,157.99,158.01,157.71,159.13,	2025-02-19 22:32:37
AUD/USD,0.6350,0.6351,0.6337,0.6371,	2025-02-19 22:32:37
NZD/USD,0.5706,0.5707,0.5678,0.5732,	2025-02-19 22:32:37
EUR/GBP,0.8285,0.8286,0.8267,0.8290,	2025-02-19 22:32:37
EUR/CHF,0.9421,0.9422,0.9413,0.9455,	2025-02-19 22:32:37
AUD/JPY,96.18,96.21,96.00,96.77,	2025-02-19 22:32:37
GBP/JPY,190.67,190.70,190.46,192.18,	2025-02-19 22:32:37
CHF/JPY,167.67,167.69,167.45,168.50,	2025-02-19 22:32:37
EUR/CAD,1.4837,1.4839,1.4801,1.4842,	2025-02-19 22:32:37
AUD/CAD,0.9033,0.9035,0.9003,0.9042,	2025-02-19 22:32:37
CAD/JPY,106.47,106.50,106.41,107.35,	2025-02-19 22:32:37
NZD/JPY,86.39,86.42,86.17,87.03,	2025-02-19 22:32:37
AUD/NZD,1.1126,1.1130,1.1104,1.1175,	2025-02-19 22:32:37
GBP/AUD,1.9821,1.9824,1.9799,1.9891,	2025-02-19 22:32:37
EUR/AUD,1.6423,1.6425,1.6399,1.6465,	2025-02-19 22:32:37
GBP/CHF,1.1370,1.1372,1.1357,1.1424,	2025-02-19 22:32:37
EUR/NZD,1.8277,1.8282,1.8216,1.8395,	2025-02-19 22:32:37
AUD/CHF,0.5735,0.5737,0.5726,0.5758,	2025-02-19 22:32:37
GBP/NZD,2.2056,2.2061,2.2012,2.2211,	2025-02-19 22:32:37
USD/INR,86.808,86.921,86.783,86.997,	2025-02-19 22:32:37
USD/CNY,7.2833,7.2842,7.2796,7.2838,	2025-02-19 22:32:37
USD/SGD,1.3422,1.3426,1.3408,1.3439,	2025-02-19 22:32:37
USD/HKD,7.7759,7.7789,7.7722,7.7779,	2025-02-19 22:32:37
USD/DKK,7.1511,7.1524,7.1298,7.1712,	2025-02-19 22:32:37
GBP/CAD,1.7906,1.7909,1.7866,1.7941,	2025-02-19 22:32:37
USD/SEK,10.7157,10.7217,10.6912,10.7597,	2025-02-19 22:32:37
USD/ILS,3.5432,3.5467,3.5355,3.5537,	2025-02-19 22:32:37
USD/RUB,89.6211,89.6297,88.7810,91.5664,	2025-02-19 22:32:37
USD/MXN,20.4301,20.4366,20.2010,20.4793,	2025-02-19 22:32:37
USD/ZAR,18.5361,18.5536,18.3326,18.5938,	2025-02-19 22:32:37
CAD/CHF,0.6349,0.6351,0.6346,0.6378,	2025-02-19 22:32:37
NZD/CAD,0.8116,0.8119,0.8061,0.8132,	2025-02-19 22:32:37
NZD/CHF,0.5153,0.5154,0.5132,0.5185,	2025-02-19 22:32:37
BTC/USD,"96,073.0","96,074.0","93,942.0","96,885.0",	2025-02-19 22:32:37
BTC/EUR,"91,868.2","91,868.3","90,927.9","92,667.8",	2025-02-19 22:32:37
ETH/USD,"2,708.50","2,708.51","2,613.79","2,736.70",	2025-02-19 22:32:37
"
"
"
"
from/to,bid,ask,min_bid,max_bid,time
EUR/USD,1.0428,1.0430,1.0401,1.0462,	2025-02-19 22:32:51
USD/JPY,151.48,151.50,151.25,152.32,	2025-02-19 22:32:51
GBP/USD,1.2586,1.2587,1.2563,1.2641,	2025-02-19 22:32:51
USD/TRY,36.2898,36.2992,36.2655,36.3131,	2025-02-19 22:32:51
USD/CHF,0.9034,0.9035,0.9024,0.9055,	2025-02-19 22:32:51
USD/CAD,1.4227,1.4229,1.4176,1.4246,	2025-02-19 22:32:51
EUR/JPY,157.99,158.01,157.71,159.13,	2025-02-19 22:32:51
AUD/USD,0.6350,0.6351,0.6337,0.6371,	2025-02-19 22:32:51
NZD/USD,0.5706,0.5707,0.5678,0.5732,	2025-02-19 22:32:51
EUR/GBP,0.8285,0.8286,0.8267,0.8290,	2025-02-19 22:32:51
EUR/CHF,0.9421,0.9422,0.9413,0.9455,	2025-02-19 22:32:51
AUD/JPY,96.18,96.21,96.00,96.77,	2025-02-19 22:32:51
GBP/JPY,190.67,190.70,190.46,192.18,	2025-02-19 22:32:51
CHF/JPY,167.67,167.69,167.45,168.50,	2025-02-19 22:32:51
EUR/CAD,1.4837,1.4839,1.4801,1.4842,	2025-02-19 22:32:51
AUD/CAD,0.9033,0.9035,0.9003,0.9042,	2025-02-19 22:32:51
CAD/JPY,106.47,106.50,106.41,107.35,	2025-02-19 22:32:51
NZD/JPY,86.39,86.42,86.17,87.03,	2025-02-19 22:32:51
AUD/NZD,1.1126,1.1130,1.1104,1.1175,	2025-02-19 22:32:51
GBP/AUD,1.9821,1.9824,1.9799,1.9891,	2025-02-19 22:32:51
EUR/AUD,1.6423,1.6425,1.6399,1.6465,	2025-02-19 22:32:51
GBP/CHF,1.1370,1.1372,1.1357,1.1424,	2025-02-19 22:32:51
EUR/NZD,1.8277,1.8282,1.8216,1.8395,	2025-02-19 22:32:51
AUD/CHF,0.5735,0.5737,0.5726,0.5758,	2025-02-19 22:32:51
GBP/NZD,2.2056,2.2061,2.2012,2.2211,	2025-02-19 22:32:51
USD/INR,86.808,86.921,86.783,86.997,	2025-02-19 22:32:51
USD/CNY,7.2833,7.2842,7.2796,7.2838,	2025-02-19 22:32:51
USD/SGD,1.3422,1.3426,1.3408,1.3439,	2025-02-19 22:32:51
USD/HKD,7.7759,7.7789,7.7722,7.7779,	2025-02-19 22:32:51
USD/DKK,7.1511,7.1524,7.1298,7.1712,	2025-02-19 22:32:51
GBP/CAD,1.7906,1.7909,1.7866,1.7941,	2025-02-19 22:32:51
USD/SEK,10.7157,10.7217,10.6912,10.7597,	2025-02-19 22:32:51
USD/ILS,3.5432,3.5467,3.5355,3.5537,	2025-02-19 22:32:51
USD/RUB,89.6211,89.6297,88.7810,91.5664,	2025-02-19 22:32:51
USD/MXN,20.4301,20.4366,20.2010,20.4793,	2025-02-19 22:32:51
USD/ZAR,18.5361,18.5536,18.3326,18.5938,	2025-02-19 22:32:51
CAD/CHF,0.6349,0.6351,0.6346,0.6378,	2025-02-19 22:32:51
NZD/CAD,0.8116,0.8119,0.8061,0.8132,	2025-02-19 22:32:51
NZD/CHF,0.5153,0.5154,0.5132,0.5185,	2025-02-19 22:32:51
BTC/USD,"96,073.0","96,074.0","93,942.0","96,885.0",	2025-02-19 22:32:51
BTC/EUR,"91,868.2","91,868.3","90,927.9","92,667.8",	2025-02-19 22:32:51
ETH/USD,"2,708.50","2,708.51","2,613.79","2,736.70",	2025-02-19 22:32:51
"
"
"
"
from/to,bid,ask,min_bid,max_bid,time
EUR/USD,1.0425,1.0427,1.0401,1.0462,	2025-02-19 22:33:16
USD/JPY,151.51,151.52,151.25,152.32,	2025-02-19 22:33:16
GBP/USD,1.2584,1.2585,1.2563,1.2641,	2025-02-19 22:33:16
USD/TRY,36.2898,36.2992,36.2655,36.3131,	2025-02-19 22:33:16
USD/CHF,0.9033,0.9035,0.9024,0.9055,	2025-02-19 22:33:16
USD/CAD,1.4228,1.4230,1.4176,1.4246,	2025-02-19 22:33:16
EUR/JPY,157.98,157.99,157.71,159.13,	2025-02-19 22:33:16
AUD/USD,0.6348,0.6350,0.6337,0.6371,	2025-02-19 22:33:16
NZD/USD,0.5705,0.5706,0.5678,0.5732,	2025-02-19 22:33:16
EUR/GBP,0.8285,0.8286,0.8267,0.8290,	2025-02-19 22:33:16
EUR/CHF,0.9421,0.9422,0.9413,0.9455,	2025-02-19 22:33:16
AUD/JPY,96.18,96.21,96.00,96.77,	2025-02-19 22:33:16
GBP/JPY,190.66,190.69,190.46,192.18,	2025-02-19 22:33:16
CHF/JPY,167.67,167.69,167.45,168.50,	2025-02-19 22:33:16
EUR/CAD,1.4836,1.4838,1.4801,1.4842,	2025-02-19 22:33:16
AUD/CAD,0.9033,0.9035,0.9003,0.9042,	2025-02-19 22:33:16
CAD/JPY,106.47,106.50,106.41,107.35,	2025-02-19 22:33:16
NZD/JPY,86.39,86.41,86.17,87.03,	2025-02-19 22:33:16
AUD/NZD,1.1126,1.1130,1.1104,1.1175,	2025-02-19 22:33:16
GBP/AUD,1.9821,1.9824,1.9799,1.9891,	2025-02-19 22:33:16
EUR/AUD,1.6423,1.6426,1.6399,1.6465,	2025-02-19 22:33:16
GBP/CHF,1.1370,1.1372,1.1357,1.1424,	2025-02-19 22:33:16
EUR/NZD,1.8277,1.8280,1.8216,1.8395,	2025-02-19 22:33:16
AUD/CHF,0.5735,0.5737,0.5726,0.5758,	2025-02-19 22:33:16
GBP/NZD,2.2056,2.2061,2.2012,2.2211,	2025-02-19 22:33:16
USD/INR,86.808,86.921,86.783,86.997,	2025-02-19 22:33:16
USD/CNY,7.2833,7.2842,7.2796,7.2838,	2025-02-19 22:33:16
USD/SGD,1.3423,1.3427,1.3408,1.3439,	2025-02-19 22:33:16
USD/HKD,7.7758,7.7788,7.7722,7.7779,	2025-02-19 22:33:16
USD/DKK,7.1504,7.1544,7.1298,7.1712,	2025-02-19 22:33:16
GBP/CAD,1.7905,1.7908,1.7866,1.7941,	2025-02-19 22:33:16
USD/SEK,10.7105,10.7305,10.6912,10.7597,	2025-02-19 22:33:16
USD/ILS,3.5432,3.5467,3.5355,3.5537,	2025-02-19 22:33:16
USD/RUB,89.6211,89.6297,88.7810,91.5664,	2025-02-19 22:33:16
USD/MXN,20.4370,20.4552,20.2010,20.4793,	2025-02-19 22:33:16
USD/ZAR,18.5422,18.5522,18.3326,18.5938,	2025-02-19 22:33:16
CAD/CHF,0.6348,0.6351,0.6346,0.6378,	2025-02-19 22:33:16
NZD/CAD,0.8115,0.8119,0.8061,0.8132,	2025-02-19 22:33:16
NZD/CHF,0.5151,0.5155,0.5132,0.5185,	2025-02-19 22:33:16
BTC/USD,"96,112.0","96,113.0","93,942.0","96,885.0",	2025-02-19 22:33:16
BTC/EUR,"91,920.5","91,920.6","90,927.9","92,667.8",	2025-02-19 22:33:16
ETH/USD,"2,708.60","2,708.61","2,613.79","2,736.70",	2025-02-19 22:33:16
"
"
"
"
from/to,bid,ask,min_bid,max_bid,time
EUR/USD,1.0428,1.0430,1.0401,1.0462,	2025-02-19 22:33:43
USD/JPY,151.48,151.50,151.25,152.32,	2025-02-19 22:33:43
GBP/USD,1.2586,1.2587,1.2563,1.2641,	2025-02-19 22:33:43
USD/TRY,36.2898,36.2992,36.2655,36.3131,	2025-02-19 22:33:43
USD/CHF,0.9034,0.9035,0.9024,0.9055,	2025-02-19 22:33:43
USD/CAD,1.4227,1.4229,1.4176,1.4246,	2025-02-19 22:33:43
EUR/JPY,157.99,158.01,157.71,159.13,	2025-02-19 22:33:43
AUD/USD,0.6350,0.6351,0.6337,0.6371,	2025-02-19 22:33:43
NZD/USD,0.5706,0.5707,0.5678,0.5732,	2025-02-19 22:33:43
EUR/GBP,0.8285,0.8286,0.8267,0.8290,	2025-02-19 22:33:43
EUR/CHF,0.9421,0.9422,0.9413,0.9455,	2025-02-19 22:33:43
AUD/JPY,96.18,96.21,96.00,96.77,	2025-02-19 22:33:43
GBP/JPY,190.67,190.70,190.46,192.18,	2025-02-19 22:33:43
CHF/JPY,167.67,167.69,167.45,168.50,	2025-02-19 22:33:43
EUR/CAD,1.4837,1.4839,1.4801,1.4842,	2025-02-19 22:33:43
AUD/CAD,0.9033,0.9035,0.9003,0.9042,	2025-02-19 22:33:43
CAD/JPY,106.47,106.50,106.41,107.35,	2025-02-19 22:33:43
NZD/JPY,86.39,86.42,86.17,87.03,	2025-02-19 22:33:43
AUD/NZD,1.1126,1.1130,1.1104,1.1175,	2025-02-19 22:33:43
GBP/AUD,1.9821,1.9824,1.9799,1.9891,	2025-02-19 22:33:43
EUR/AUD,1.6423,1.6425,1.6399,1.6465,	2025-02-19 22:33:43
GBP/CHF,1.1370,1.1372,1.1357,1.1424,	2025-02-19 22:33:43
EUR/NZD,1.8277,1.8282,1.8216,1.8395,	2025-02-19 22:33:43
AUD/CHF,0.5735,0.5737,0.5726,0.5758,	2025-02-19 22:33:43
GBP/NZD,2.2056,2.2061,2.2012,2.2211,	2025-02-19 22:33:43
USD/INR,86.808,86.921,86.783,86.997,	2025-02-19 22:33:43
USD/CNY,7.2833,7.2842,7.2796,7.2838,	2025-02-19 22:33:43
USD/SGD,1.3422,1.3426,1.3408,1.3439,	2025-02-19 22:33:43
USD/HKD,7.7759,7.7789,7.7722,7.7779,	2025-02-19 22:33:43
USD/DKK,7.1511,7.1524,7.1298,7.1712,	2025-02-19 22:33:43
GBP/CAD,1.7906,1.7909,1.7866,1.7941,	2025-02-19 22:33:43
USD/SEK,10.7157,10.7217,10.6912,10.7597,	2025-02-19 22:33:43
USD/ILS,3.5432,3.5467,3.5355,3.5537,	2025-02-19 22:33:43
USD/RUB,89.6211,89.6297,88.7810,91.5664,	2025-02-19 22:33:43
USD/MXN,20.4301,20.4366,20.2010,20.4793,	2025-02-19 22:33:43
USD/ZAR,18.5361,18.5536,18.3326,18.5938,	2025-02-19 22:33:43
CAD/CHF,0.6349,0.6351,0.6346,0.6378,	2025-02-19 22:33:43
NZD/CAD,0.8116,0.8119,0.8061,0.8132,	2025-02-19 22:33:43
NZD/CHF,0.5153,0.5154,0.5132,0.5185,	2025-02-19 22:33:43
BTC/USD,"96,073.0","96,074.0","93,942.0","96,885.0",	2025-02-19 22:33:43
BTC/EUR,"91,868.2","91,868.3","90,927.9","92,667.8",	2025-02-19 22:33:43
ETH/USD,"2,708.50","2,708.51","2,613.79","2,736.70",	2025-02-19 22:33:43
"
"
"
"
from/to,bid,ask,min_bid,max_bid,time
EUR/USD,1.0425,1.0427,1.0401,1.0462,	2025-02-19 22:34:12
USD/JPY,151.51,151.52,151.25,152.32,	2025-02-19 22:34:12
GBP/USD,1.2584,1.2585,1.2563,1.2641,	2025-02-19 22:34:12
USD/TRY,36.2898,36.2992,36.2655,36.3131,	2025-02-19 22:34:12
USD/CHF,0.9033,0.9035,0.9024,0.9055,	2025-02-19 22:34:12
USD/CAD,1.4228,1.4230,1.4176,1.4246,	2025-02-19 22:34:12
EUR/JPY,157.98,157.99,157.71,159.13,	2025-02-19 22:34:12
AUD/USD,0.6348,0.6350,0.6337,0.6371,	2025-02-19 22:34:12
NZD/USD,0.5705,0.5706,0.5678,0.5732,	2025-02-19 22:34:12
EUR/GBP,0.8285,0.8286,0.8267,0.8290,	2025-02-19 22:34:12
EUR/CHF,0.9421,0.9422,0.9413,0.9455,	2025-02-19 22:34:12
AUD/JPY,96.18,96.21,96.00,96.77,	2025-02-19 22:34:12
GBP/JPY,190.66,190.69,190.46,192.18,	2025-02-19 22:34:12
CHF/JPY,167.67,167.69,167.45,168.50,	2025-02-19 22:34:12
EUR/CAD,1.4836,1.4838,1.4801,1.4842,	2025-02-19 22:34:12
AUD/CAD,0.9033,0.9035,0.9003,0.9042,	2025-02-19 22:34:12
CAD/JPY,106.47,106.50,106.41,107.35,	2025-02-19 22:34:12
NZD/JPY,86.39,86.41,86.17,87.03,	2025-02-19 22:34:12
AUD/NZD,1.1126,1.1130,1.1104,1.1175,	2025-02-19 22:34:12
GBP/AUD,1.9821,1.9824,1.9799,1.9891,	2025-02-19 22:34:12
EUR/AUD,1.6423,1.6426,1.6399,1.6465,	2025-02-19 22:34:12
GBP/CHF,1.1370,1.1372,1.1357,1.1424,	2025-02-19 22:34:12
EUR/NZD,1.8277,1.8280,1.8216,1.8395,	2025-02-19 22:34:12
AUD/CHF,0.5735,0.5737,0.5726,0.5758,	2025-02-19 22:34:12
GBP/NZD,2.2056,2.2061,2.2012,2.2211,	2025-02-19 22:34:12
USD/INR,86.808,86.921,86.783,86.997,	2025-02-19 22:34:12
USD/CNY,7.2833,7.2842,7.2796,7.2838,	2025-02-19 22:34:12
USD/SGD,1.3423,1.3427,1.3408,1.3439,	2025-02-19 22:34:12
USD/HKD,7.7758,7.7788,7.7722,7.7779,	2025-02-19 22:34:12
USD/DKK,7.1504,7.1544,7.1298,7.1712,	2025-02-19 22:34:12
GBP/CAD,1.7905,1.7908,1.7866,1.7941,	2025-02-19 22:34:12
USD/SEK,10.7105,10.7305,10.6912,10.7597,	2025-02-19 22:34:12
USD/ILS,3.5432,3.5467,3.5355,3.5537,	2025-02-19 22:34:12
USD/RUB,89.6211,89.6297,88.7810,91.5664,	2025-02-19 22:34:12
USD/MXN,20.4370,20.4552,20.2010,20.4793,	2025-02-19 22:34:12
USD/ZAR,18.5422,18.5522,18.3326,18.5938,	2025-02-19 22:34:12
CAD/CHF,0.6348,0.6351,0.6346,0.6378,	2025-02-19 22:34:12
NZD/CAD,0.8115,0.8119,0.8061,0.8132,	2025-02-19 22:34:12
NZD/CHF,0.5151,0.5155,0.5132,0.5185,	2025-02-19 22:34:12
BTC/USD,"96,112.0","96,113.0","93,942.0","96,885.0",	2025-02-19 22:34:12
BTC/EUR,"91,920.5","91,920.6","90,927.9","92,667.8",	2025-02-19 22:34:12
ETH/USD,"2,708.60","2,708.61","2,613.79","2,736.70",	2025-02-19 22:34:12
"
"
"
"
from/to,bid,ask,min_bid,max_bid,time
EUR/USD,1.0426,1.0428,1.0401,1.0462,	2025-02-19 22:34:27
USD/JPY,151.52,151.53,151.25,152.32,	2025-02-19 22:34:27
GBP/USD,1.2583,1.2585,1.2563,1.2641,	2025-02-19 22:34:27
USD/TRY,36.2898,36.2992,36.2655,36.3131,	2025-02-19 22:34:27
USD/CHF,0.9035,0.9037,0.9024,0.9055,	2025-02-19 22:34:27
USD/CAD,1.4230,1.4232,1.4176,1.4246,	2025-02-19 22:34:27
EUR/JPY,157.96,157.98,157.71,159.13,	2025-02-19 22:34:27
AUD/USD,0.6349,0.6350,0.6337,0.6371,	2025-02-19 22:34:27
NZD/USD,0.5704,0.5707,0.5678,0.5732,	2025-02-19 22:34:27
EUR/GBP,0.8285,0.8286,0.8267,0.8290,	2025-02-19 22:34:27
EUR/CHF,0.9420,0.9422,0.9413,0.9455,	2025-02-19 22:34:27
AUD/JPY,96.18,96.21,96.00,96.77,	2025-02-19 22:34:27
GBP/JPY,190.64,190.67,190.46,192.18,	2025-02-19 22:34:27
CHF/JPY,167.69,167.71,167.45,168.50,	2025-02-19 22:34:27
EUR/CAD,1.4837,1.4839,1.4801,1.4842,	2025-02-19 22:34:27
AUD/CAD,0.9033,0.9035,0.9003,0.9042,	2025-02-19 22:34:27
CAD/JPY,106.45,106.48,106.41,107.35,	2025-02-19 22:34:27
NZD/JPY,86.39,86.42,86.17,87.03,	2025-02-19 22:34:27
AUD/NZD,1.1126,1.1130,1.1104,1.1175,	2025-02-19 22:34:27
GBP/AUD,1.9821,1.9824,1.9799,1.9891,	2025-02-19 22:34:27
EUR/AUD,1.6422,1.6424,1.6399,1.6465,	2025-02-19 22:34:27
GBP/CHF,1.1370,1.1372,1.1357,1.1424,	2025-02-19 22:34:27
EUR/NZD,1.8277,1.8280,1.8216,1.8395,	2025-02-19 22:34:27
AUD/CHF,0.5735,0.5737,0.5726,0.5758,	2025-02-19 22:34:27
GBP/NZD,2.2053,2.2061,2.2012,2.2211,	2025-02-19 22:34:27
USD/INR,86.808,86.921,86.783,86.997,	2025-02-19 22:34:27
USD/CNY,7.2833,7.2842,7.2796,7.2838,	2025-02-19 22:34:27
USD/SGD,1.3414,1.3438,1.3408,1.3439,	2025-02-19 22:34:27
USD/HKD,7.7756,7.7786,7.7722,7.7779,	2025-02-19 22:34:27
USD/DKK,7.1515,7.1555,7.1298,7.1712,	2025-02-19 22:34:27
GBP/CAD,1.7906,1.7909,1.7866,1.7941,	2025-02-19 22:34:27
USD/SEK,10.7186,10.7246,10.6912,10.7597,	2025-02-19 22:34:27
USD/ILS,3.5432,3.5467,3.5355,3.5537,	2025-02-19 22:34:27
USD/RUB,89.6242,89.6328,88.7810,91.5664,	2025-02-19 22:34:27
USD/MXN,20.4410,20.4592,20.2010,20.4793,	2025-02-19 22:34:27
USD/ZAR,18.5389,18.5564,18.3326,18.5938,	2025-02-19 22:34:27
CAD/CHF,0.6348,0.6351,0.6346,0.6378,	2025-02-19 22:34:27
NZD/CAD,0.8115,0.8119,0.8061,0.8132,	2025-02-19 22:34:27
NZD/CHF,0.5151,0.5155,0.5132,0.5185,	2025-02-19 22:34:27
BTC/USD,"96,156.0","96,172.0","93,942.0","96,885.0",	2025-02-19 22:34:27
BTC/EUR,"91,986.2","91,986.3","90,927.9","92,667.8",	2025-02-19 22:34:27
ETH/USD,"2,712.59","2,712.60","2,613.79","2,736.70",	2025-02-19 22:34:27
"
"
"
"
from/to,bid,ask,min_bid,max_bid,time
EUR/USD,1.0426,1.0428,1.0401,1.0462,	2025-02-19 22:35:30
USD/JPY,151.52,151.53,151.25,152.32,	2025-02-19 22:35:30
GBP/USD,1.2583,1.2585,1.2563,1.2641,	2025-02-19 22:35:30
USD/TRY,36.2898,36.2992,36.2655,36.3131,	2025-02-19 22:35:30
USD/CHF,0.9035,0.9037,0.9024,0.9055,	2025-02-19 22:35:30
USD/CAD,1.4230,1.4232,1.4176,1.4246,	2025-02-19 22:35:30
EUR/JPY,157.96,157.98,157.71,159.13,	2025-02-19 22:35:30
AUD/USD,0.6349,0.6350,0.6337,0.6371,	2025-02-19 22:35:30
NZD/USD,0.5704,0.5707,0.5678,0.5732,	2025-02-19 22:35:30
EUR/GBP,0.8285,0.8286,0.8267,0.8290,	2025-02-19 22:35:30
EUR/CHF,0.9420,0.9422,0.9413,0.9455,	2025-02-19 22:35:30
AUD/JPY,96.18,96.21,96.00,96.77,	2025-02-19 22:35:30
GBP/JPY,190.64,190.67,190.46,192.18,	2025-02-19 22:35:30
CHF/JPY,167.69,167.71,167.45,168.50,	2025-02-19 22:35:30
EUR/CAD,1.4837,1.4839,1.4801,1.4842,	2025-02-19 22:35:30
AUD/CAD,0.9033,0.9035,0.9003,0.9042,	2025-02-19 22:35:30
CAD/JPY,106.45,106.48,106.41,107.35,	2025-02-19 22:35:30
NZD/JPY,86.39,86.42,86.17,87.03,	2025-02-19 22:35:30
AUD/NZD,1.1126,1.1130,1.1104,1.1175,	2025-02-19 22:35:30
GBP/AUD,1.9821,1.9824,1.9799,1.9891,	2025-02-19 22:35:30
EUR/AUD,1.6422,1.6424,1.6399,1.6465,	2025-02-19 22:35:30
GBP/CHF,1.1370,1.1372,1.1357,1.1424,	2025-02-19 22:35:30
EUR/NZD,1.8277,1.8280,1.8216,1.8395,	2025-02-19 22:35:30
AUD/CHF,0.5735,0.5737,0.5726,0.5758,	2025-02-19 22:35:30
GBP/NZD,2.2053,2.2061,2.2012,2.2211,	2025-02-19 22:35:30
USD/INR,86.808,86.921,86.783,86.997,	2025-02-19 22:35:30
USD/CNY,7.2833,7.2842,7.2796,7.2838,	2025-02-19 22:35:30
USD/SGD,1.3414,1.3438,1.3408,1.3439,	2025-02-19 22:35:30
USD/HKD,7.7756,7.7786,7.7722,7.7779,	2025-02-19 22:35:30
USD/DKK,7.1515,7.1555,7.1298,7.1712,	2025-02-19 22:35:30
GBP/CAD,1.7906,1.7909,1.7866,1.7941,	2025-02-19 22:35:30
USD/SEK,10.7186,10.7246,10.6912,10.7597,	2025-02-19 22:35:30
USD/ILS,3.5432,3.5467,3.5355,3.5537,	2025-02-19 22:35:30
USD/RUB,89.6242,89.6328,88.7810,91.5664,	2025-02-19 22:35:30
USD/MXN,20.4410,20.4592,20.2010,20.4793,	2025-02-19 22:35:30
USD/ZAR,18.5389,18.5564,18.3326,18.5938,	2025-02-19 22:35:30
CAD/CHF,0.6348,0.6351,0.6346,0.6378,	2025-02-19 22:35:30
NZD/CAD,0.8115,0.8119,0.8061,0.8132,	2025-02-19 22:35:30
NZD/CHF,0.5151,0.5155,0.5132,0.5185,	2025-02-19 22:35:30
BTC/USD,"96,156.0","96,172.0","93,942.0","96,885.0",	2025-02-19 22:35:30
BTC/EUR,"91,986.2","91,986.3","90,927.9","92,667.8",	2025-02-19 22:35:30
ETH/USD,"2,712.59","2,712.60","2,613.79","2,736.70",	2025-02-19 22:35:30
"
"
"
"
from/to,bid,ask,min_bid,max_bid,time
EUR/USD,1.0425,1.0427,1.0401,1.0462,	2025-02-19 22:36:02
USD/JPY,151.51,151.53,151.25,152.32,	2025-02-19 22:36:02
GBP/USD,1.2583,1.2584,1.2563,1.2641,	2025-02-19 22:36:02
USD/TRY,36.2898,36.2992,36.2655,36.3131,	2025-02-19 22:36:02
USD/CHF,0.9036,0.9038,0.9024,0.9055,	2025-02-19 22:36:02
USD/CAD,1.4232,1.4234,1.4176,1.4246,	2025-02-19 22:36:02
EUR/JPY,157.97,157.99,157.71,159.13,	2025-02-19 22:36:02
AUD/USD,0.6347,0.6349,0.6337,0.6371,	2025-02-19 22:36:02
NZD/USD,0.5703,0.5706,0.5678,0.5732,	2025-02-19 22:36:02
EUR/GBP,0.8285,0.8287,0.8267,0.8290,	2025-02-19 22:36:02
EUR/CHF,0.9420,0.9422,0.9413,0.9455,	2025-02-19 22:36:02
AUD/JPY,96.17,96.20,96.00,96.77,	2025-02-19 22:36:02
GBP/JPY,190.65,190.68,190.46,192.18,	2025-02-19 22:36:02
CHF/JPY,167.70,167.72,167.45,168.50,	2025-02-19 22:36:02
EUR/CAD,1.4838,1.4840,1.4801,1.4842,	2025-02-19 22:36:02
AUD/CAD,0.9034,0.9036,0.9003,0.9042,	2025-02-19 22:36:02
CAD/JPY,106.46,106.48,106.41,107.35,	2025-02-19 22:36:02
NZD/JPY,86.38,86.43,86.17,87.03,	2025-02-19 22:36:02
AUD/NZD,1.1127,1.1130,1.1104,1.1175,	2025-02-19 22:36:02
GBP/AUD,1.9820,1.9823,1.9799,1.9891,	2025-02-19 22:36:02
EUR/AUD,1.6422,1.6425,1.6399,1.6465,	2025-02-19 22:36:02
GBP/CHF,1.1368,1.1371,1.1357,1.1424,	2025-02-19 22:36:02
EUR/NZD,1.8277,1.8281,1.8216,1.8395,	2025-02-19 22:36:02
AUD/CHF,0.5735,0.5737,0.5726,0.5758,	2025-02-19 22:36:02
GBP/NZD,2.2054,2.2059,2.2012,2.2211,	2025-02-19 22:36:02
USD/INR,86.813,86.927,86.783,86.997,	2025-02-19 22:36:02
USD/CNY,7.2833,7.2842,7.2796,7.2838,	2025-02-19 22:36:02
USD/SGD,1.3414,1.3438,1.3408,1.3439,	2025-02-19 22:36:02
USD/HKD,7.7759,7.7789,7.7722,7.7779,	2025-02-19 22:36:02
USD/DKK,7.1532,7.1545,7.1298,7.1712,	2025-02-19 22:36:02
GBP/CAD,1.7907,1.7911,1.7866,1.7941,	2025-02-19 22:36:02
USD/SEK,10.7197,10.7257,10.6912,10.7597,	2025-02-19 22:36:02
USD/ILS,3.5432,3.5467,3.5355,3.5537,	2025-02-19 22:36:02
USD/RUB,89.6202,89.6289,88.7810,91.5664,	2025-02-19 22:36:02
USD/MXN,20.4483,20.4548,20.2010,20.4793,	2025-02-19 22:36:02
USD/ZAR,18.5430,18.5530,18.3326,18.5938,	2025-02-19 22:36:02
CAD/CHF,0.6348,0.6350,0.6346,0.6378,	2025-02-19 22:36:02
NZD/CAD,0.8117,0.8119,0.8061,0.8132,	2025-02-19 22:36:02
NZD/CHF,0.5151,0.5155,0.5132,0.5185,	2025-02-19 22:36:02
BTC/USD,"96,156.0","96,172.0","93,942.0","96,885.0",	2025-02-19 22:36:02
BTC/EUR,"92,019.9","92,020.0","90,927.9","92,667.8",	2025-02-19 22:36:02
ETH/USD,"2,711.78","2,711.79","2,613.79","2,736.70",	2025-02-19 22:36:02
"
"
"
"
from/to,bid,ask,min_bid,max_bid,time
EUR/USD,1.0425,1.0427,1.0401,1.0462,	2025-02-19 22:36:08
USD/JPY,151.51,151.53,151.25,152.32,	2025-02-19 22:36:08
GBP/USD,1.2583,1.2584,1.2563,1.2641,	2025-02-19 22:36:08
USD/TRY,36.2898,36.2992,36.2655,36.3131,	2025-02-19 22:36:08
USD/CHF,0.9036,0.9038,0.9024,0.9055,	2025-02-19 22:36:08
USD/CAD,1.4232,1.4234,1.4176,1.4246,	2025-02-19 22:36:08
EUR/JPY,157.97,157.99,157.71,159.13,	2025-02-19 22:36:08
AUD/USD,0.6347,0.6349,0.6337,0.6371,	2025-02-19 22:36:08
NZD/USD,0.5703,0.5706,0.5678,0.5732,	2025-02-19 22:36:08
EUR/GBP,0.8285,0.8287,0.8267,0.8290,	2025-02-19 22:36:08
EUR/CHF,0.9420,0.9422,0.9413,0.9455,	2025-02-19 22:36:08
AUD/JPY,96.17,96.20,96.00,96.77,	2025-02-19 22:36:08
GBP/JPY,190.65,190.68,190.46,192.18,	2025-02-19 22:36:08
CHF/JPY,167.70,167.72,167.45,168.50,	2025-02-19 22:36:08
EUR/CAD,1.4838,1.4840,1.4801,1.4842,	2025-02-19 22:36:08
AUD/CAD,0.9034,0.9036,0.9003,0.9042,	2025-02-19 22:36:08
CAD/JPY,106.46,106.48,106.41,107.35,	2025-02-19 22:36:08
NZD/JPY,86.38,86.43,86.17,87.03,	2025-02-19 22:36:08
AUD/NZD,1.1127,1.1130,1.1104,1.1175,	2025-02-19 22:36:08
GBP/AUD,1.9820,1.9823,1.9799,1.9891,	2025-02-19 22:36:08
EUR/AUD,1.6422,1.6425,1.6399,1.6465,	2025-02-19 22:36:08
GBP/CHF,1.1368,1.1371,1.1357,1.1424,	2025-02-19 22:36:08
EUR/NZD,1.8277,1.8281,1.8216,1.8395,	2025-02-19 22:36:08
AUD/CHF,0.5735,0.5737,0.5726,0.5758,	2025-02-19 22:36:08
GBP/NZD,2.2054,2.2059,2.2012,2.2211,	2025-02-19 22:36:08
USD/INR,86.813,86.927,86.783,86.997,	2025-02-19 22:36:08
USD/CNY,7.2833,7.2842,7.2796,7.2838,	2025-02-19 22:36:08
USD/SGD,1.3414,1.3438,1.3408,1.3439,	2025-02-19 22:36:08
USD/HKD,7.7759,7.7789,7.7722,7.7779,	2025-02-19 22:36:08
USD/DKK,7.1532,7.1545,7.1298,7.1712,	2025-02-19 22:36:08
GBP/CAD,1.7907,1.7911,1.7866,1.7941,	2025-02-19 22:36:08
USD/SEK,10.7197,10.7257,10.6912,10.7597,	2025-02-19 22:36:08
USD/ILS,3.5432,3.5467,3.5355,3.5537,	2025-02-19 22:36:08
USD/RUB,89.6202,89.6289,88.7810,91.5664,	2025-02-19 22:36:08
USD/MXN,20.4483,20.4548,20.2010,20.4793,	2025-02-19 22:36:08
USD/ZAR,18.5430,18.5530,18.3326,18.5938,	2025-02-19 22:36:08
CAD/CHF,0.6348,0.6350,0.6346,0.6378,	2025-02-19 22:36:08
NZD/CAD,0.8117,0.8119,0.8061,0.8132,	2025-02-19 22:36:08
NZD/CHF,0.5151,0.5155,0.5132,0.5185,	2025-02-19 22:36:08
BTC/USD,"96,156.0","96,172.0","93,942.0","96,885.0",	2025-02-19 22:36:08
BTC/EUR,"92,019.9","92,020.0","90,927.9","92,667.8",	2025-02-19 22:36:08
ETH/USD,"2,711.78","2,711.79","2,613.79","2,736.70",	2025-02-19 22:36:08
"
"
"
"
from/to,bid,ask,min_bid,max_bid,time
EUR/USD,1.0424,1.0426,1.0401,1.0462,	2025-02-19 22:36:17
USD/JPY,151.44,151.46,151.25,152.32,	2025-02-19 22:36:17
GBP/USD,1.2580,1.2582,1.2563,1.2641,	2025-02-19 22:36:17
USD/TRY,36.2886,36.3010,36.2655,36.3131,	2025-02-19 22:36:17
USD/CHF,0.9034,0.9035,0.9024,0.9055,	2025-02-19 22:36:17
USD/CAD,1.4231,1.4232,1.4176,1.4246,	2025-02-19 22:36:17
EUR/JPY,157.88,157.90,157.71,159.13,	2025-02-19 22:36:17
AUD/USD,0.6348,0.6349,0.6337,0.6371,	2025-02-19 22:36:17
NZD/USD,0.5704,0.5706,0.5678,0.5732,	2025-02-19 22:36:17
EUR/GBP,0.8286,0.8287,0.8267,0.8290,	2025-02-19 22:36:17
EUR/CHF,0.9419,0.9420,0.9413,0.9455,	2025-02-19 22:36:17
AUD/JPY,96.13,96.15,96.00,96.77,	2025-02-19 22:36:17
GBP/JPY,190.54,190.57,190.46,192.18,	2025-02-19 22:36:17
CHF/JPY,167.61,167.63,167.45,168.50,	2025-02-19 22:36:17
EUR/CAD,1.4836,1.4837,1.4801,1.4842,	2025-02-19 22:36:17
AUD/CAD,0.9033,0.9035,0.9003,0.9042,	2025-02-19 22:36:17
CAD/JPY,106.40,106.43,106.41,107.35,	2025-02-19 22:36:17
NZD/JPY,86.36,86.40,86.17,87.03,	2025-02-19 22:36:17
AUD/NZD,1.1125,1.1128,1.1104,1.1175,	2025-02-19 22:36:17
GBP/AUD,1.9819,1.9822,1.9799,1.9891,	2025-02-19 22:36:17
EUR/AUD,1.6421,1.6424,1.6399,1.6465,	2025-02-19 22:36:17
GBP/CHF,1.1366,1.1369,1.1357,1.1424,	2025-02-19 22:36:17
EUR/NZD,1.8274,1.8277,1.8216,1.8395,	2025-02-19 22:36:17
AUD/CHF,0.5735,0.5738,0.5726,0.5758,	2025-02-19 22:36:17
GBP/NZD,2.2049,2.2054,2.2012,2.2211,	2025-02-19 22:36:17
USD/INR,86.803,86.913,86.783,86.997,	2025-02-19 22:36:17
USD/CNY,7.2833,7.2842,7.2796,7.2838,	2025-02-19 22:36:17
USD/SGD,1.3414,1.3438,1.3408,1.3439,	2025-02-19 22:36:17
USD/HKD,7.7759,7.7789,7.7722,7.7779,	2025-02-19 22:36:17
USD/DKK,7.1531,7.1544,7.1298,7.1712,	2025-02-19 22:36:17
GBP/CAD,1.7903,1.7906,1.7866,1.7941,	2025-02-19 22:36:17
USD/SEK,10.7211,10.7271,10.6912,10.7597,	2025-02-19 22:36:17
USD/ILS,3.5432,3.5468,3.5355,3.5537,	2025-02-19 22:36:17
USD/RUB,89.6203,89.6289,88.7810,91.5664,	2025-02-19 22:36:17
USD/MXN,20.4514,20.4579,20.2010,20.4793,	2025-02-19 22:36:17
USD/ZAR,18.5421,18.5597,18.3326,18.5938,	2025-02-19 22:36:17
CAD/CHF,0.6348,0.6350,0.6346,0.6378,	2025-02-19 22:36:17
NZD/CAD,0.8117,0.8119,0.8061,0.8132,	2025-02-19 22:36:17
NZD/CHF,0.5152,0.5154,0.5132,0.5185,	2025-02-19 22:36:17
BTC/USD,"95,673.0","95,674.0","93,633.0","96,885.0",	2025-02-19 22:36:17
BTC/EUR,"91,574.7","91,574.8","90,927.9","92,667.8",	2025-02-19 22:36:17
ETH/USD,"2,701.99","2,702.00","2,613.79","2,736.70",	2025-02-19 22:36:17
"
"
"
"
from/to,bid,ask,min_bid,max_bid,time
EUR/USD,1.0429,1.0431,1.0401,1.0462,	2025-02-19 22:36:38
USD/JPY,151.48,151.50,151.25,152.32,	2025-02-19 22:36:38
GBP/USD,1.2586,1.2588,1.2563,1.2641,	2025-02-19 22:36:38
USD/TRY,36.2861,36.3041,36.2655,36.3131,	2025-02-19 22:36:38
USD/CHF,0.9033,0.9034,0.9024,0.9055,	2025-02-19 22:36:38
USD/CAD,1.4225,1.4227,1.4176,1.4246,	2025-02-19 22:36:38
EUR/JPY,157.98,158.00,157.71,159.13,	2025-02-19 22:36:38
AUD/USD,0.6349,0.6350,0.6337,0.6371,	2025-02-19 22:36:38
NZD/USD,0.5707,0.5708,0.5678,0.5732,	2025-02-19 22:36:38
EUR/GBP,0.8285,0.8287,0.8267,0.8290,	2025-02-19 22:36:38
EUR/CHF,0.9421,0.9422,0.9413,0.9455,	2025-02-19 22:36:38
AUD/JPY,96.20,96.22,96.00,96.77,	2025-02-19 22:36:38
GBP/JPY,190.66,190.69,190.46,192.18,	2025-02-19 22:36:38
CHF/JPY,167.67,167.70,167.45,168.50,	2025-02-19 22:36:38
EUR/CAD,1.4836,1.4838,1.4801,1.4842,	2025-02-19 22:36:38
AUD/CAD,0.9032,0.9035,0.9003,0.9042,	2025-02-19 22:36:38
CAD/JPY,106.48,106.51,106.41,107.35,	2025-02-19 22:36:38
NZD/JPY,86.42,86.44,86.17,87.03,	2025-02-19 22:36:38
AUD/NZD,1.1126,1.1129,1.1104,1.1175,	2025-02-19 22:36:38
GBP/AUD,1.9819,1.9823,1.9799,1.9891,	2025-02-19 22:36:38
EUR/AUD,1.6423,1.6425,1.6399,1.6465,	2025-02-19 22:36:38
GBP/CHF,1.1369,1.1372,1.1357,1.1424,	2025-02-19 22:36:38
EUR/NZD,1.8276,1.8280,1.8216,1.8395,	2025-02-19 22:36:38
AUD/CHF,0.5735,0.5738,0.5726,0.5758,	2025-02-19 22:36:38
GBP/NZD,2.2051,2.2059,2.2012,2.2211,	2025-02-19 22:36:38
USD/INR,86.810,86.921,86.783,86.997,	2025-02-19 22:36:38
USD/CNY,7.2833,7.2842,7.2796,7.2838,	2025-02-19 22:36:38
USD/SGD,1.3422,1.3425,1.3408,1.3439,	2025-02-19 22:36:38
USD/HKD,7.7759,7.7789,7.7722,7.7779,	2025-02-19 22:36:38
USD/DKK,7.1505,7.1518,7.1298,7.1712,	2025-02-19 22:36:38
GBP/CAD,1.7904,1.7907,1.7866,1.7941,	2025-02-19 22:36:38
USD/SEK,10.7135,10.7195,10.6912,10.7597,	2025-02-19 22:36:38
USD/ILS,3.5435,3.5464,3.5355,3.5537,	2025-02-19 22:36:38
USD/RUB,89.6194,89.6281,88.7810,91.5664,	2025-02-19 22:36:38
USD/MXN,20.4299,20.4364,20.2010,20.4793,	2025-02-19 22:36:38
USD/ZAR,18.5368,18.5468,18.3326,18.5938,	2025-02-19 22:36:38
CAD/CHF,0.6350,0.6351,0.6346,0.6378,	2025-02-19 22:36:38
NZD/CAD,0.8117,0.8119,0.8061,0.8132,	2025-02-19 22:36:38
NZD/CHF,0.5152,0.5156,0.5132,0.5185,	2025-02-19 22:36:38
BTC/USD,"96,250.0","96,251.0","93,808.0","96,885.0",	2025-02-19 22:36:38
BTC/EUR,"92,034.8","92,034.9","90,927.9","92,667.8",	2025-02-19 22:36:38
ETH/USD,"2,716.99","2,717.00","2,613.79","2,736.70",	2025-02-19 22:36:38
"
"
"
"
from/to,bid,ask,min_bid,max_bid,time
